3222 4950
788 453 971 516 -438-

334 632 422 697 tione
449 633 607 697 facultatis
630 633 757 698 artium.
789 658 806 692 a
825 634 950 697 Libram
978 648 1072 696 uttam
1106 631 1220 712 legavit
1244 645 1301 709 pro
1317 628 1422 710 primo

335 747 474 810 paupere
491 731 680 795 Falconensi
697 732 729 794 in
746 733 951 813 promotione
969 755 998 794 a.
1018 733 1061 795 lta
1077 730 1230 794 llouamrs.

375 862 436 925 aa:
458 863 692 944 christophorus
722 883 741 926 a
778 863 1010 939 Crieclreulrelte,
1051 863 1280 937 llannutenslS,
1310 877 1424 940 sacrae

336 962 515 1042 theologiae
537 963 732 1039 licentiatus,
751 974 861 1044 pastor
883 965 922 1027 ad
949 973 1093 1028 sanctum
1109 963 1261 1027 loannem
1279 961 1424 1041 Evange-

336 1060 440 1124 lislam
457 1063 658 1136 mechliniae,
676 1065 728 1144 oui
747 1064 826 1127 ohiit
848 1081 931 1127 anno
945 1064 1025 1126 totu
1041 1074 1130 1142 peste
1156 1071 1337 1140 correptus,
1356 1069 1424 1122 tres

336 1160 451 1225 bursas
468 1163 607 1226 l'undavit
623 1163 654 1225 in
673 1163 824 1227 Falcone.

376 1293 425 1354 hl.
444 1294 576 1358 lacobus
598 1295 770 1368 Laurentii,
796 1296 1016 1368 Fraxlneusls‚
1042 1294 1213 1374 aliquando
1237 1289 1424 1372 paedagogii

336 1391 544 1456 Falconensis
575 1411 701 1474 regens,
736 1397 878 1459 lundavlt
913 1395 1055 1468 bursam,
1086 1401 1117 1457 et
1146 1393 1278 1472 insuper
1307 1389 1426 1470 legavit

335 1489 474 1554 lahrlcae
497 1509 552 1555 seu
570 1494 776 1557 oeconomiae
798 1494 924 1572 collegii
951 1493 1011 1556 altu
1033 1491 1175 1555 florenos
1191 1505 1328 1552 annuos.
1345 1486 1426 1550 Vide

337 1588 420 1652 inter
436 1600 586 1669 regentes
602 1591 762 1666 Falconis,
782 1604 814 1682 n⁰
831 1591 942 1655 lllllll.

378 1722 427 1784 25.
448 1722 578 1787 Carolus
601 1725 649 1787 Lo
670 1725 780 1798 Densa,
795 1723 878 1804 iuris
907 1725 1074 1801 utriusque
1101 1721 1297 1792 licentiatus,
1328 1733 1424 1782 cano·

338 1819 429 1884 nicus
445 1832 476 1884 et
494 1839 549 1900 per
566 1823 673 1902 plures
690 1841 791 1886 annos
807 1822 967 1898 officialis,
985 1839 1022 1886 ac
1038 1819 1240 1901 postmodum
1258 1819 1424 1881 thesaura-

339 1918 407 1981 rius
422 1921 579 1984 ecclcsiae
595 1922 789 1986 cathedralis
805 1921 1028 1994 Tornacensis,
1047 1919 1189 1983 lnodavit
1204 1928 1278 1982 octo
1295 1917 1422 1979 hursas.

381 2051 430 2113 26.
449 2051 599 2114 llenrr'cua
625 2055 662 2116 de
688 2056 803 2128 Monte,
829 2063 938 2134 pastor
964 2053 995 2115 in
1020 2029 1160 2116 Vertono
1187 2051 1254 2114 sive
1278 2049 1424 2120 llirtono,

338 2151 596 2232 archipresbyter
626 2170 682 2216 scu
721 2153 863 2217 decanus
900 2152 1144 2216 christianitatis
1175 2152 1206 2212 io
1237 2151 1423 2228 honguyon

339 2250 440 2313 crexit
455 2252 584 2314 hursam
604 2269 711 2315 unam.

380 2383 431 2444 ll.
452 2385 617 2463 ntoapatua
633 2386 767 2452 Buruoa,
787 2394 895 2464 pastor
918 2381 1075 2447 ecclesiae
1098 2380 1199 2443 salicti
1217 2375 1373 2440 Lamherti
1391 2374 1425 2436 in

341 2481 451 2560 Gaige
464 2481 553 2562 Juxta
575 2483 731 2546 abhatiam
748 2482 1018 2546 Camhroneusem
1039 2483 1069 2542 ln
1088 2479 1264 2550 llannonia,
1283 2474 1428 2541 fundavit

331 2579 472 2644 *bursam
491 2598 595 2644 unam.

380 2713 432 2775 98.
459 2715 616 2780 Gaurana
641 2715 804 2794 llodolplri,
831 2715 911 2778 alias
942 2714 1073 2792 lloelofa,
1102 2711 1299 2782 Grariensis,
1328 2725 1427 2772 cano-

342 2811 433 2874 nicus
464 2814 552 2890 prius
581 2815 612 2874 ln
641 2814 751 2892 patria,
784 2822 896 2892 postea
927 2811 1036 2875 heodii
1068 2813 1099 2873 lo
1129 2812 1192 2873 divi
1225 2807 1323 2882 Petri,
1350 2806 1431 2870 ohiit

342 2909 381 2972 tc
393 2909 473 2990 junii
490 2911 580 2981 1591,
599 2911 730 2975 lundata
746 2912 843 2974 horsa
861 2911 893 2972 in
907 2909 1057 2974 Falcone.

382 3042 433 3105 ⁰29.
449 3044 585 3107 loannes
612 3045 806 3119 Bonhomme,
835 3060 947 3108 sacrae
969 3043 1150 3122 theologiae
1172 3039 1367 3111 licentiatus,
1384 3037 1425 3100 ad

342 3153 487 3205 sanctum
503 3142 695 3207 Germanum
713 3144 874 3208 lltnrtihus
892 3145 1075 3207 hannoniae
1102 3139 1278 3204 canonieus
1305 3148 1336 3201 et
1353 3137 1428 3199 hae-

343 3241 461 3304 reticae
492 3243 654 3320 pravitatis
684 3243 866 3322 inquisitor,
899 3243 1039 3306 lundavit
1076 3241 1190 3304 hursas
1231 3246 1367 3318 quatuor
1397 3235 1430 3297 in

346 3339 493 3404 Falcone.

384 3471 433 3534 30.
453 3473 592 3535 Andreas
620 3471 685 3536 Vno
700 3474 753 3536 der
768 3475 835 3555 Rpl,
854 3475 934 3537 alias
959 3475 1002 3536 lle
1024 3475 1096 3552 Rpt,
1113 3485 1226 3534 sacrae
1250 3468 1431 3547 theologiae

341 3572 525 3636 licentiatus
541 3583 571 3635 et
587 3573 762 3636 canonicus
778 3575 935 3638 ecclcsiae
962 3571 1155 3636 cathedralis
1174 3566 1429 3648 antuerpiensis,

343 3671 478 3734 contulit
503 3671 698 3750 stipendium
722 3689 862 3736 annuum
885 3673 924 3734 pn
940 3671 1137 3736 llorenorum
1163 3685 1236 3733 cum
1259 3667 1277 3728 5
1297 3666 1427 3730 assihus

344 3787 403 3850 pro
420 3770 520 3834 trihus
537 3771 647 3834 missis
663 3771 693 3833 in
711 3772 912 3835 hebdomada
928 3769 1144 3834 celebrandis.

385 3903 435 3966 at.
453 3905 604 3968 loannesa
628 3903 738 3978 Dillen,
757 3923 816 3986 seu
840 3903 989 3976 Dillenus,
1010 3902 1087 3966 olim
1113 3900 1299 3982 paedagogii
1322 3898 1435 3964 Falco-

346 4003 456 4067 uensis
483 4020 610 4083 regens,
628 4003 802 4067 collonicus
831 4002 1023 4074 insulensis,
1049 4001 1193 4064 lutrdavlt
1220 4017 1277 4063 sex
1303 3998 1434 4062 bursas.

343 4101 422 4165 Vide
438 4101 521 4166 inter
538 4112 686 4181 regentes
703 4099 865 4175 Falconis,
884 4111 916 4162 n⁰
933 4099 1026 4162 XXV.

335 4257 351 4280 ν
388 4233 439 4296 32.
462 4233 599 4296 loannes
625 4233 869 4307 Buillemoutiaa,
894 4233 943 4298 vel
970 4234 1011 4295 lle
1035 4232 1230 4304 Buillemont,
1254 4227 1433 4293 canonicus
