3236 4952
358 780 419 853 50.
450 781 624 854 Couvsur
650 805 697 855 ou
724 788 885 856 3333333
912 805 978 856 333
1006 784 1261 856 mommolus.

311 977 372 1041 Les
400 976 617 1041 Dominioains
644 976 818 1043 1331331331
840 977 912 1060 ddja
937 979 955 1040 3
976 977 1118 1043 louvain
1141 977 1255 1060 depuis
1282 977 1354 1062 plus

267 1076 308 1141 de
333 1075 417 1140 deux
448 1075 577 1152 3133133,
607 1074 749 1157 lorsque,
777 1093 817 1140 33
848 1076 940 1151 1131,
971 1075 1001 1141 13
1030 1075 1201 1141 souverain
1233 1077 1354 1157 pontile

267 1173 396 1257 llughne
412 1174 451 1238 1v
473 1174 589 1255 permit
610 1173 809 1255 d‘adjoindre
834 1174 1030 1240 3331333113
1053 1177 1093 1240 33
1109 1174 1271 1256 theologie
1293 1193 1355 1242 aux

267 1273 347 1339 trois
383 1272 518 1338 laeultds
554 1272 702 1348 londees,
734 1289 774 1338 en
805 1273 897 1347 ltus,
930 1290 988 1355 par
1023 1290 1083 1340 son
1120 1272 1355 1356 predecess'eur

268 1371 381 1436 llartin
405 1371 440 1434 V.
466 1373 548 1437 Leur
572 1381 709 1438 convent
734 1373 781 1437 lul
805 1373 977 1455 incorpore
1002 1371 1020 1436 a
1043 1369 1257 1448 l'Universite,
1280 1391 1357 1439 aveo

268 1487 349 1536 ceux
374 1471 432 1535 des
455 1471 678 1536 Franciseains
691 1479 722 1536 et
735 1471 793 1536 des
806 1472 995 1553 Augustius,
1020 1472 1050 1536 13
1072 1473 1108 1534 31
1132 1471 1236 1552 juillet
1262 1471 1354 1535 llll.

270 1569 412 1634 Pendant
423 1569 605 1651 longlemps
619 1586 681 1635 333
696 1571 753 1635 333
765 1571 893 1636 31331133
908 1571 990 1637 3313
1007 1569 1176 1636 133311333
1193 1569 1354 1652 theologie

269 1667 473 1750 1313333333
490 1684 546 1749 par
562 1685 604 1733 33
620 1667 777 1750 religieux
798 1669 840 1734 de
855 1669 973 1734 l'ordre
995 1669 1035 1734 33
1052 1669 1136 1734 saint
1152 1668 1354 1750 nominique.

309 1767 398 1832 Nous
415 1767 647 1850 reproduisons
662 1768 848 1834 oi-dessous
867 1787 874 1834 :
891 1766 923 1851 o)
941 1785 982 1834 un
999 1767 1128 1834 resume
1143 1767 1184 1832 de
1199 1767 1355 1834 l’histoire

268 1867 308 1932 de
323 1867 353 1930 13
370 1866 493 1931 maison
512 1867 570 1932 des
587 1867 804 1932 Dominieains
827 1869 867 1933 de
885 1868 1037 1943 louvain,
1055 1865 1225 1948 emprunte'
1240 1865 1257 1930 3
1274 1865 1357 1932 Ver·

270 1965 419 2040 nulaeus;
451 1965 483 2028 2⁰
514 1982 576 2031 une
605 1965 678 2030 lisle
713 1966 771 2031 des
802 1967 991 2048 prinoipaux
1027 1965 1183 2047 religieux
1216 1963 1273 2047 qui
1301 1974 1358 2031 ont

268 2065 424 2146 enseigne
445 2065 474 2128 13
498 2064 1105 2149 1133313313131333331313333133311333
1127 2065 1207 2130 dans
1231 2066 1260 2131 13
1283 2082 1357 2132 333-

269 2174 344 2230 vent
365 2165 406 2229 de
428 2163 688 2230 1133131333113
711 2165 784 2230 11313
810 2165 1128 2247 33131333333333
1151 2165 1181 2228 la
1205 2165 1307 2246 partie
1328 2165 1359 2229 13

270 2264 343 2345 plus
365 2263 533 2338 ancienne,
550 2262 676 2345 d'apres
697 2264 746 2328 les
768 2264 959 2330 3333133313
982 2263 1107 2346 puhlies
1131 2278 1188 2345 par
1212 2263 1357 2329 llolanus

269 2361 423 2446 (historio
438 2363 687 2436 lovaniensium,
713 2363 737 2436 1,
756 2379 808 2444 pp.
832 2361 1041 2440 eteulogia
1063 2361 1197 2443 apartir
1219 2362 1259 2426 de
1283 2361 1358 2426 Ber·

271 2461 349 2525 nard
377 2461 417 2526 de
444 2461 682 2542 Luxemhourg,
710 2460 836 2542 d’upres
863 2461 912 2526 133
940 2471 1033 2526 33133
1061 2459 1274 2525 manusoriles
1300 2459 1358 2525 des

268 2561 357 2628 Fusii
382 2561 550 2624 neodemiet‘
573 2561 613 2624 de
628 2559 752 2640 Paquot
768 2559 817 2638 (11,
838 2577 889 2640 pp.
909 2557 1076 2637 tle-loen
1102 2575 1185 2622 nous
1199 2576 1219 2638 y
1234 2557 1357 2638 ajoute-

269 2675 347 2724 rons
374 2659 463 2723 aussi
486 2659 642 2740 quelques
665 2668 773 2724 autres
800 2657 915 2723 details
945 2659 998 2740 331
1027 2665 1206 2722 noussont
1232 2672 1357 2722 333333

271 2757 447 2822 d’ailleurs.

380 2975 409 3037 α)
433 2971 544 3026 Emeruit
563 2976 596 3025 de
615 2969 783 3026 l'Aeademiu
803 2969 981 3026 Lemniensis
1001 2976 1034 3024 tie
1058 2971 1242 3040 Vermuioeus,

652 3061 692 3133 (2ο
711 3060 755 3118 dd.
777 3080 805 3134 p.
830 3061 971 3133 leo-130).

311 3203 494 3270 Contollam
524 3207 553 3264 el
583 3201 742 3282 oollepium
774 3203 1057 3267 Dominieonurum.
1088 3236 1130 3247 -
1159 3198 1355 3266 Coenohium

269 3302 551 3368 Dominioaaorum
567 3299 716 3365 33333113
731 3301 860 3367 eiroiter
881 3309 954 3366 3313
971 3299 1174 3365 Academiam
1196 3297 1356 3363 3331313-

268 3401 364 3483 cepit,
392 3416 477 3465 3333
505 3397 657 3463 nimirum
686 3399 775 3464 tuas.
803 3401 871 3465 11113
896 3399 1002 3464 aulam
1029 3413 1120 3464 suam
1146 3398 1245 3462 cessit
1271 3395 1356 3460 1133-

267 3501 356 3566 rious
371 3497 891 3580 [1333333333311133333333
906 3498 982 3574 dux,
997 3514 1081 3562 auno
1097 3495 1188 3560 tatu.
1205 3494 1355 3560 Ereptum

266 3615 344 3666 vero
360 3607 411 3664 est
426 3599 459 3662 in
474 3596 573 3663 studii
596 3597 757 3678 generalis
772 3597 918 3662 scholam
937 3597 1003 3679 jam
1019 3613 1037 3662 3
1054 3596 1165 3678 primis
1187 3594 1303 3669 initiis;
1321 3593 1354 3658 13

267 3715 329 3780 333
345 3699 410 3763 333
425 3706 501 3763 3331
515 3696 736 3761 studiosorum
751 3697 883 3762 ordines
900 3713 957 3761 333
972 3696 1114 3771 3133333;
1133 3709 1193 3760 333
1210 3693 1354 3774 philoso-

266 3796 416 3877 phorum,
430 3797 530 3861 altera
546 3793 783 3874 theologorum.
801 3795 935 3877 Utrique
946 3804 1036 3859 eorto
1053 3803 1196 3873 tempore
1215 3789 1354 3867 stadium

267 3909 362 3958 suum
383 3893 571 3967 decurrunt,
589 3905 622 3960 et
642 3894 750 3959 studio
773 3909 833 3958 suo
848 3893 945 3957 finem
967 3893 1146 3973 imponunt.
1164 3890 1203 3955 Et
1224 3888 1355 3971 quidem

266 3991 491 4072 philosophiae
507 3994 650 4060 studium
663 3993 866 4075 professores
881 3992 957 4066 333,
970 4006 1054 4072 3333
1069 3989 1209 4054 lectores
1224 3992 1352 4062 vocant,

267 4089 428 4172 dirigunt;
452 4092 518 4157 duo
540 4093 650 4160 itidem
672 4092 865 4172 theologiae,
883 4090 937 4172 qul
960 4097 1109 4170 regentes
1131 4086 1333 4169 appellantur
1341 4105 1351 4162 ς

266 4198 305 4255 33
320 4189 438 4256 331333
452 4192 567 4257 tertius
583 4201 645 4271 est,
663 4207 757 4274 quem
773 4189 871 4256 studii
888 4197 1071 4270 nuncupant
1088 4186 1286 4269 magistrum.
