3158 4952
752 479 935 544 -336-

300 655 402 737 ipsius
426 657 524 720 mutui
548 659 630 722 bona
654 670 684 722 et
708 661 792 723 lideli
817 663 964 725 cautione
987 671 1018 725 et
1042 661 1249 742 fideiussione
1274 679 1330 742 pet
1351 679 1387 726 sc

300 762 353 818 aut
376 771 453 818 suos
471 767 630 834 parentes.
656 759 759 838 Super
775 777 835 838 oua
862 761 1070 824 conclusione
1087 777 1202 841 regens
1225 761 1295 841 ipse
1310 761 1388 826 dcli-

302 853 427 917 beraret
443 863 485 924 et.
503 855 529 918 si
547 872 616 919 earn
632 869 824 937 acceptaret,
843 857 934 922 lleret
952 859 1059 938 jactus
1084 859 1179 922 loturi
1202 867 1385 924 contractus

301 967 358 1030 per
380 953 544 1016 domiuum
570 955 794 1030 llaluermilen,
813 969 845 1020 ut
867 958 910 1020 sit
934 957 1072 1020 facultati
1098 957 1178 1021 bene
1199 968 1230 1022 et
1254 959 1384 1039 provide

298 1061 439 1115 cautum.
457 1054 548 1126 bert,
566 1053 631 1126 vll.
651 1055 704 1118 101.
722 1055 780 1116 ast
799 1067 826 1118 r⁰
842 1063 872 1120 el
889 1067 931 1117 u⁰.

343 1218 397 1280 lile
405 1219 496 1298 juris,
513 1219 594 1297 axiij
609 1221 721 1284 atcrtsis
737 1221 915 1294 septembris
930 1221 1019 1296 1516,
1033 1221 1073 1284 10
1088 1221 1220 1299 speciali
1238 1221 1387 1285 mandato

298 1315 418 1380 domini
428 1318 539 1380 decani
554 1320 720 1382 obtruncati
736 1319 864 1382 luerunt
877 1319 1017 1400 deputati
1027 1319 1180 1382 ordinarii
1194 1336 1267 1384 cunt
1280 1336 1297 1383 e
1311 1321 1386 1382 tnul·

301 1415 340 1478 tis
349 1414 531 1479 senioribus
543 1417 977 1497 1100110110001)100οι0001ος
993 1418 1384 1497 coramquibusduminus

299 1529 414 1594 regens
439 1514 597 1585 tattonis,
616 1516 768 1596 magister
791 1516 979 1580 Guilieltnus
1004 1515 1183 1590 everaerts,
1206 1516 1381 1596 proposuit,

297 1612 434 1692 qualiter
462 1630 523 1677 nott
550 1623 637 1677 essrt
663 1615 691 1678 ei
720 1616 873 1693 possibile
901 1615 1021 1679 diutius
1048 1615 1241 1680 interteuere
1266 1615 1382 1679 dictum

298 1727 391 1776 suum
416 1712 639 1792 pedagogium,
656 1724 688 1776 et
703 1715 787 1794 ouotl
813 1723 981 1794 propterea
1005 1713 1212 1779 sollicitasset
1231 1716 1316 1794 apud
1335 1713 1384 1776 di-

300 1825 412 1873 versos
435 1810 472 1874 ad
498 1811 678 1874 babendum
703 1829 929 1876 successorem
954 1814 983 1875 in
1009 1814 1095 1877 dicto
1120 1812 1309 1892 pedagogio,
1334 1813 1385 1893 oui

300 1907 481 1988 hujusmodi
500 1926 583 1973 onus
607 1911 716 1974 subire
734 1911 841 1974 vellet.
858 1911 1010 1986 Tandem,
1027 1912 1167 1975 dirersis
1191 1911 1386 1974 sollicitatio·

302 2006 395 2071 nibus
423 2025 479 2087 per
501 2025 585 2082 eum,
605 2019 637 2073 ut
664 2011 815 2084 asseruit,
835 2011 939 2087 lactis,
958 2011 1109 2082 narravit,
1127 2009 1212 2090 quod
1238 2009 1386 2074 dominus

300 2108 415 2172 ductor
428 2110 542 2173 Paulus
557 2109 706 2174 lioelsins
719 2119 806 2174 esset
819 2121 989 2176 contentus
1001 2121 1168 2190 acceptare
1180 2126 1264 2174 onus
1277 2109 1385 2190 hujus·

302 2206 387 2270 modi
405 2207 558 2287 regenne,
578 2209 607 2270 in
623 2219 775 2288 quantum
792 2210 914 2273 domini
931 2212 970 2274 de
987 2210 1135 2274 facultate
1150 2207 1268 2273 vellent
1284 2208 1384 2288 ipsum

302 2313 481 2385 acceptare.
502 2306 632 2380 beinde,
652 2307 756 2370 babita
780 2307 1011 2372 deliberatione
1036 2324 1092 2387 per
1111 2307 1217 2371 dictos
1239 2307 1387 2374 dominos

300 2404 342 2467 de
362 2403 521 2478 facultate,
539 2405 771 2470 cottcluserunt
793 2422 830 2470 ac
848 2407 974 2470 luerunt
998 2405 1144 2479 resoluti,
1164 2406 1389 2470 nonobstante

301 2501 387 2581 quod
407 2513 495 2567 esset
518 2503 622 2567 dictus
637 2505 786 2568 dominus
809 2506 924 2569 doctor
941 2505 1057 2569 Paulus
1079 2503 1283 2584 coniugatus,
1300 2505 1385 2568 illum

301 2609 480 2680 acceptare.
498 2603 588 2665 salvo
603 2605 687 2683 quod
712 2604 753 2666 sit
771 2604 909 2667 facultati
934 2615 1139 2683 prospectum
1160 2619 1197 2665 ac
1212 2603 1291 2666 satis
1313 2620 1387 2666 cau·

304 2710 369 2763 tum
386 2700 426 2762 de
438 2700 686 2781 obligationibus
703 2719 760 2782 per
772 2702 970 2779 sepedictum
986 2703 1173 2781 magistrum
1186 2701 1385 2766 Guilielmum

305 2795 452 2862 liverarts
467 2801 504 2874 tl)
522 2799 662 2863 lacultati
680 2801 782 2864 lactis.
802 2801 891 2874 Acta,
910 2799 975 2874 Vll,
994 2799 1049 2863 lol.
1067 2797 1127 2860 etta
1143 2809 1186 2862 t⁰.

346 2963 400 3026 llic
413 2965 496 3038 lunc,
512 2967 588 3045 cuilj
603 2968 715 3028 metuis
730 2965 858 3028 octobris
875 2964 966 3041 lblb,
980 2966 1040 3028 sub
1058 2964 1168 3028 liorem
1184 2974 1329 3028 octauam
1348 2963 1385 3026 de

303 3076 406 3134 ruane,
424 3061 542 3127 indicta
567 3064 624 3127 luit
646 3064 809 3144 deputatio
826 3064 985 3128 lacultatis
1008 3065 1090 3127 inter
1105 3066 1276 3144 deputatos
1300 3061 1385 3126 ordi·

303 3159 411 3223 itacios
426 3171 458 3224 et
474 3161 646 3241 plerosque
669 3161 817 3226 seniores
834 3163 993 3227 facultatis
1012 3177 1111 3242 super
1128 3161 1257 3242 negotio
1272 3161 1384 3225 domus

303 3257 520 3339 pedagogialis
536 3259 695 3324 Falconis.
713 3261 771 3335 Qui
788 3261 917 3341 quidem
932 3261 1083 3326 dominos
1100 3277 1216 3342 regens
1238 3259 1382 3340 exposuit

303 3357 452 3428 dominis,
467 3358 628 3438 quomodo
641 3359 818 3424 inuenisset
829 3359 890 3423 sibi
908 3375 1005 3423 unum
1018 3375 1243 3424 successorem
1258 3357 1385 3422 indicto

305 3455 480 3536 pedagogio
498 3456 655 3530 Falconis,
673 3459 727 3538 oui
744 3457 926 3538 hujusmodi
949 3473 1033 3521 onus
1048 3457 1192 3536 regentia
1215 3456 1246 3520 iu
1263 3473 1299 3520 se
1315 3473 1385 3521 sus·

304 3551 426 3634 ciperet
448 3555 516 3618 suis
539 3555 721 3636 sumptibus
743 3566 776 3620 et
799 3555 944 3636 periculo
967 3555 1098 3636 regendi
1121 3566 1152 3619 et
1175 3553 1384 3619 conservandi

301 3651 518 3732 juventutem,
545 3669 584 3717 eo
609 3653 717 3728 salvo,
741 3653 827 3734 quod
855 3654 987 3718 lacultas
1014 3653 1075 3717 sibi
1102 3663 1304 3733 compararet
1329 3669 1385 3718 seu

304 3763 425 3814 emeret
443 3751 573 3815 domum
599 3752 838 3833 pedagogialern
856 3753 1012 3816 l'alconls.
1032 3752 1068 3816 Et
1084 3752 1218 3816 ulterius
1242 3751 1387 3816 dominus

306 3866 422 3929 regens
446 3849 589 3914 exhibuit
604 3851 744 3914 dominis
769 3851 948 3932 inscriptis
971 3850 1175 3915 oouditioues
1198 3849 1389 3915 venditionis

307 3947 489 4027 huiusmodi
508 3950 718 4030 pedagoglnm
732 3950 803 4032 (sic)
819 3967 891 4014 cum
908 3951 978 4014 auis
995 3949 1196 4030 pertinentiis
1212 3960 1244 4015 et
1260 3947 1389 4014 annexis

306 4047 481 4120 universis,
500 4061 594 4128 prout
610 4049 706 4112 latius
723 4049 753 4111 iu
771 4051 854 4114 dicta
871 4051 982 4114 cedula
1001 4049 1152 4123 babetur;
1170 4061 1202 4114 et
1219 4067 1275 4130 per
1289 4045 1389 4112 domi-

342 4227 382 4298 (l)
402 4227 460 4281 1³01.
475 4229 570 4283 25510
585 4236 695 4284 vocatur
708 4229 873 4284 Guilielmus
888 4231 1012 4286 Etcrarts
1025 4235 1058 4284 de
1077 4231 1181 4296 Vclpict.
