3130 4956
618 479 737 555 -ibd
767 525 805 538 -

164 679 306 747 marcet
317 669 445 735 domino
457 670 591 735 doctore
604 671 744 743 iliberto,
760 689 797 736 ac
810 671 933 738 decano
948 672 1109 738 facultatis
1122 665 1247 750 artium,

163 777 333 850 receptore
353 779 383 834 et
403 769 566 834 licentiato
589 769 747 850 Principe,
772 771 892 836 debere
918 772 1022 836 adbuc
1038 773 1149 838 eodem
1166 774 1249 839 diea

162 869 301 951 prandio
330 869 505 934 conuenire
534 869 571 932 ad
601 869 851 950 concipiendum
883 871 1017 936 formam
1049 871 1249 936 instrumenti

162 967 352 1033 concordie.
369 965 459 1042 Quod
483 967 535 1032 ubi
558 967 703 1042 fecerint,
728 968 758 1031 id
783 969 821 1032 ad
845 969 1022 1033 facultatem
1045 971 1192 1044 referent,
1219 979 1250 1035 ut

162 1083 199 1130 ea
212 1065 349 1147 judicet,
367 1081 406 1129 an
418 1065 591 1131 concordia
605 1067 665 1131 boc
683 1077 775 1148 pacto
791 1065 860 1130 fieri
878 1067 1003 1132 debeat.
1022 1069 1058 1132 tlt
1073 1068 1113 1131 ita
1130 1069 1161 1131 iu
1180 1086 1250 1149 pre-

162 1165 269 1230 sentia
296 1164 446 1229 Antbonii
473 1163 588 1246 Piperii
616 1165 774 1230 conclusit
801 1165 949 1230 dominus
976 1167 1129 1233 decanus.
1158 1167 1248 1243 dori,

163 1263 250 1338 lllll,
268 1263 324 1329 fol.
342 1262 400 1327 l3'l
412 1275 462 1328 νο.

203 1445 266 1509 Dic
289 1444 437 1518 sabbathi,
466 1445 583 1508 decimo
611 1445 724 1508 mensis
758 1446 880 1524 augusti
908 1443 996 1522 1560,
1023 1444 1107 1509 circa
1137 1447 1246 1510 ltoram

161 1561 283 1609 nonam
309 1553 383 1608 ante
412 1543 588 1620 meridiem,
619 1544 735 1608 indicta
767 1545 822 1608 fuit
854 1543 1060 1626 congregatio
1090 1544 1247 1610 facultatis

160 1641 430 1718 extraordinaria,
458 1657 555 1724 super
577 1644 786 1722 sequentibus
809 1641 965 1714 articulis,
994 1643 1025 1705 in
1052 1644 1172 1707 scltolis
1198 1663 1248 1708 ar-

158 1743 241 1806 tium
255 1763 264 1803 :
280 1741 459 1816 Primusad
477 1741 668 1806 audiendum
686 1741 746 1822 legi
765 1751 954 1820 conceptum
970 1758 1026 1806 seu
1042 1743 1246 1807 concordiam

160 1840 274 1904 initam
301 1840 386 1904 inter
407 1840 576 1920 deputatos
600 1840 759 1916 facultatis
783 1849 815 1904 et
838 1850 1027 1904 executores
1050 1842 1247 1906 honorabilis

159 1940 325 2022 quondam
341 1939 413 2012 uiri,
428 1939 548 2004 domini
565 1949 596 2004 ct
613 1940 754 2022 magistri
772 1939 905 2004 lortnnis
928 1939 1045 2004 lleems
1061 1940 1099 2004 ab
1116 1941 1247 2006 Armen-
1278 1967 1280 1972 v

161 2039 265 2114 teria;
293 2047 326 2103 et
356 2055 395 2102 an
421 2037 602 2119 hujusmodi
634 2039 805 2102 concordia
837 2039 971 2119 placeat.
1002 2037 1179 2114 Secundus,
1206 2055 1246 2103 an

161 2139 289 2218 placeat
305 2138 460 2218 deputare
482 2138 618 2218 aliquos,
636 2138 689 2218 qui
712 2136 894 2218 huiusmodi
912 2137 1115 2201 concordiam
1132 2139 1246 2202 transi-

161 2246 238 2318 gant
264 2252 375 2302 coram
400 2236 541 2300 scabinis
564 2236 671 2317 oppidi
699 2235 907 2300 lovaniensis
929 2235 1056 2300 nomine
1077 2237 1245 2308 facultatis,

162 2337 233 2401 sive
248 2337 358 2416 potius
374 2335 405 2398 in
430 2335 605 2416 pedagogio
623 2334 691 2396 lilii
712 2333 908 2398 studentium
925 2342 955 2398 et
971 2333 1193 2414 magistrorum
1210 2354 1246 2402 se

167 2435 288 2499 ibidem
315 2433 565 2498 exercitantium.
588 2432 724 2507 Tertius,
749 2448 788 2495 an
812 2432 932 2513 placeat
954 2432 1106 2512 deputare
1121 2434 1246 2515 aliquos

166 2535 357 2615 provisores
383 2533 525 2613 ejusdcm
553 2531 730 2613 pedagogi,
759 2531 812 2612 qui
839 2531 968 2596 nomine
996 2531 1152 2596 facultatis
1174 2551 1263 2600 cum.

165 2635 325 2700 moderno
338 2642 468 2715 regente
484 2649 581 2714 super
594 2631 774 2712 hujusmodi
787 2632 928 2712 regentia
946 2632 1084 2713 regenda
1101 2640 1246 2711 tractent,

165 2743 197 2798 et
212 2750 288 2798 cum
305 2750 344 2798 eo
360 2732 553 2797 conueniant
572 2748 630 2812 pro
646 2731 769 2796 honore
783 2741 815 2796 et
833 2731 966 2795 utilitate
983 2731 1152 2808 facultatis,
1172 2749 1247 2812 pau·

166 2849 282 2915 perum
297 2841 329 2897 et
346 2831 583 2912 magistrorum.

207 2932 368 3006 Quantum
390 2930 428 2993 ad
455 2930 588 3010 primum
612 2927 780 2993 articulum
801 2927 949 2993 domiuus
968 2927 1108 2993 decanus
1124 2929 1198 3010 legit
1215 2930 1247 2994 in

166 3031 248 3095 facie
264 3030 425 3094 facultatis
440 3030 501 3093 alta
519 3037 549 3094 et
566 3027 754 3109 intelligibili
771 3045 849 3092 voce
864 3028 1162 3104 concordiam-Qua
1179 3032 1248 3110 qui·
1277 3035 1281 3044 '

165 3131 239 3194 dem
262 3129 359 3200 lecta,
384 3127 573 3208 cupiverunt
595 3135 783 3190 executores
799 3127 932 3207 predicti
949 3126 1067 3190 domini
1084 3127 1250 3192 Armenta·

167 3226 262 3302 riani,
277 3227 331 3307 qui
343 3235 418 3289 ante
429 3225 546 3289 ostium
558 3223 624 3288 Vici
639 3233 740 3298 eraut,
756 3224 938 3305 priusquam
955 3243 1052 3305 super
1068 3225 1248 3306 hujusmodi

166 3325 343 3391 concordia
370 3323 612 3398 deliberaretur,
640 3323 770 3396 intrare,
796 3332 828 3387 ut
851 3323 988 3387 facultati
1016 3324 1145 3404 aliquid,
1163 3325 1248 3405 quod

168 3425 229 3488 sibi
257 3423 437 3496 videbatur,
464 3431 670 3502 exponerent.
701 3420 816 3485 Verum
844 3421 974 3494 domini,
1002 3423 1107 3486 audita
1136 3440 1247 3487 eorum

168 3522 336 3604 petitione,
365 3520 547 3602 judicarunt
573 3535 635 3584 non
663 3519 813 3599 expedire
841 3536 897 3583 eos
925 3521 1054 3594 intrare,
1083 3521 1249 3601 presertim

167 3637 241 3685 cum
268 3637 332 3685 non
361 3627 534 3684 constaret.
552 3619 701 3700 quidnam
729 3617 790 3699 ipsi
816 3629 979 3699 cuperent,
1005 3636 1106 3700 neque
1129 3621 1158 3684 id
1178 3631 1251 3685 aute

170 3719 355 3799 ingressum
368 3719 568 3782 dominorum
585 3719 624 3782 de
641 3717 788 3782 facultate
803 3717 841 3780 ad
854 3718 1034 3790 consilium,
1049 3737 1120 3783 cum
1134 3721 1249 3801 quibus

171 3827 278 3883 lamen
295 3818 445 3883 collocuti
468 3825 571 3892 crant,
595 3815 849 3897 significassent,
867 3833 965 3897 quare
991 3817 1172 3884 metuebant
1194 3821 1250 3883 do·

171 3917 263 3994 mini,
291 3933 332 3981 ne
358 3915 418 3998 ipsi
445 3917 582 3997 aliquem
609 3915 691 3980 forte
714 3915 880 3981 tumultum
904 3925 957 3980 aut
978 3917 1105 4000 aliquod
1132 3918 1251 3984 scisma

79 4097 86 4110 ·
170 4015 256 4080 inter
273 4013 424 4080 dominos
440 4015 479 4080 de
497 4014 655 4088 facultate,
674 4015 728 4096 qui
746 4015 935 4080 solemniter
950 4027 1177 4091 convenerant,
1191 4019 1259 4082 suis

169 4114 280 4180 verbis
296 4111 590 4188 excitarentouarc
606 4112 824 4178 deliberarunt
840 4114 887 4180 eis
904 4115 1087 4196 ingressum
1106 4132 1168 4180 non
1185 4133 1260 4182 esse

171 4211 429 4288 concedendum,
447 4212 503 4279 sad
520 4217 558 4278 ad
575 4228 632 4280 eos
648 4228 721 4280 esse
738 4213 911 4280 mittendos
931 4214 1084 4298 quosdam
1100 4215 1140 4280 de
1156 4215 1254 4281 facul·

256 4347 299 4396 tt.
1133 4330 1181 4404 Μ’
