3158 4952
670 473 855 535 -3tt-

210 668 247 716 ao
262 668 320 716 scu
339 653 507 735 pedagogii
525 654 683 718 Falconis.
709 653 892 732 Comporuit
918 653 1118 718 ltonorabilis
1134 655 1183 716 vir
1198 654 1303 719 domi-

213 767 274 814 nus
292 761 325 815 et
341 753 493 833 magister
509 753 738 834 cristophorus
760 752 930 816 llancbelre
952 752 1173 828 detraxeris,
1192 770 1305 819 sacrae

212 849 395 931 theologiae
411 850 595 916 licentiatus
612 861 643 916 et
663 851 780 916 artium
806 851 970 931 magister,
988 861 1020 914 et
1036 851 1230 930 supplicavit
1246 870 1305 932 pro

215 951 359 1030 regentia
380 961 412 1014 et
429 951 565 1034 legentia
589 952 620 1014 in
644 951 729 1016 dicta
744 952 841 1016 domo
863 951 931 1015 sive
957 949 1134 1031 pedagogio
1150 951 1189 1013 ad
1206 951 1306 1016 inter-

214 1047 355 1128 signium
376 1047 524 1113 Falconis
547 1065 604 1129 pro
626 1067 662 1114 se
682 1062 713 1114 et
730 1065 787 1129 per
812 1066 885 1112 curn
912 1047 1030 1112 ibidem
1057 1049 1250 1128 deputandis
1273 1061 1306 1114 et

215 1146 419 1223 ordinandis,
438 1159 550 1229 petens
567 1165 602 1213 se
618 1158 713 1230 atque
736 1149 810 1212 illos
830 1147 1009 1228 respective
1024 1147 1062 1210 ad
1082 1148 1256 1228 regentium
1276 1157 1307 1212 ct

215 1246 388 1326 legentium
410 1247 594 1327 huiusmodi
619 1246 754 1320 admitti,
772 1263 845 1310 cum
866 1245 1077 1310 ratificatione
1093 1256 1199 1311 tamen
1216 1256 1305 1313 aeto-

216 1361 286 1408 rum
302 1354 335 1409 et
351 1347 575 1410 ordinatorum
592 1363 649 1425 per
665 1346 851 1427 magistrum
874 1345 1034 1408 lulianum
1056 1347 1204 1426 usquein
1222 1347 1308 1412 buno

216 1443 313 1510 diem.
323 1444 377 1525 qui
387 1444 452 1525 jann
466 1447 639 1526 negantiam
655 1460 749 1526 atque
761 1445 892 1510 domum
906 1444 1050 1526 reliquit;
1065 1445 1106 1508 de
1118 1463 1182 1526 quo
1195 1463 1304 1526 supra.

217 1542 339 1606 Deinde
365 1543 516 1607 dominus
542 1545 683 1608 decanus
710 1544 826 1608 dictam
850 1543 1118 1624 supplicationem
1144 1544 1251 1623 posuit
1275 1545 1307 1607 in

216 1641 506 1706 deliberationibus
535 1643 758 1716 dominorum,
790 1643 989 1723 subjungens
1020 1643 1195 1724 plerosque
1224 1643 1307 1707 velle

216 1739 338 1812 dicere,
357 1750 391 1804 ut
406 1742 535 1817 asserit,
561 1741 759 1806 intellexisse
781 1742 898 1805 dictam
922 1743 1051 1807 domurn
1071 1743 1308 1823 quodammodo

217 1839 362 1902 allectam
391 1849 422 1903 et
449 1840 638 1921 dispositam
667 1851 821 1922 perpetuo
844 1841 882 1904 ad
910 1841 1134 1922 pedagogium,
1160 1849 1308 1920 putantes

218 1937 399 2002 lacultatem
413 1939 514 2017 ipsam
529 1938 646 2004 babere
659 1940 834 2012 interesse
848 1950 944 2020 atque
956 1939 1050 2003 etiam
1064 1939 1182 2003 ibidem
1197 1939 1307 2004 relicta

217 2037 351 2116 quedam
368 2038 515 2101 utensilia
528 2049 559 2102 et
572 2039 802 2117 supellectilem
817 2039 912 2102 simul
928 2055 1019 2102 cessa
1036 2055 1074 2102 ac
1091 2047 1307 2118 transportata

215 2151 322 2198 coram
339 2136 482 2200 scabinis
499 2137 756 2202 bononiensibus
769 2138 808 2200 ad
823 2155 914 2202 usum
933 2154 990 2219 pro
1008 2148 1150 2216 tempore
1165 2138 1306 2217 regentis

213 2234 296 2298 dicte
318 2235 436 2299 domus
459 2244 490 2300 et
510 2253 569 2300 sue
586 2237 715 2301 lamilie.
744 2237 820 2301 Post
835 2254 912 2301 vero
929 2245 1083 2300 maturam
1101 2237 1307 2300 deliberatio-

215 2347 284 2397 nem
302 2351 403 2414 super
418 2334 588 2415 premissis
606 2335 759 2408 habitam,
777 2336 910 2400 lacultas
927 2337 1050 2399 babens
1067 2346 1169 2398 ratum
1187 2337 1304 2401 lactum

214 2443 308 2512 atquc
327 2433 564 2498 ordinationem
590 2433 731 2516 magistri
754 2435 868 2499 loliani
894 2447 1038 2515 tempore
1065 2451 1124 2499 sue
1146 2435 1303 2514 regentia,

214 2543 310 2612 atque
326 2531 471 2611 ejusdem
495 2549 553 2596 sue
567 2534 710 2612 regentic
726 2533 976 2613 resignationem
999 2550 1056 2613 per
1078 2549 1151 2597 cum
1175 2533 1301 2606 tactam,

213 2631 325 2694 artouit
339 2630 566 2711 supplicationi
578 2630 654 2694 dicti
672 2631 816 2711 magistri
830 2630 1029 2711 cristophori
1041 2654 1049 2704 ;
1063 2640 1095 2695 et
1107 2632 1210 2711 quoad
1229 2648 1303 2711 pro·

213 2729 317 2808 posita
344 2745 400 2808 per
418 2727 583 2792 dominum
606 2729 762 2792 decanum
787 2729 905 2809 placuit
929 2739 961 2792 ct
983 2728 1144 2792 ordinavit
1167 2729 1304 2792 facultas

211 2829 386 2908 diligenter
401 2829 660 2908 investigandum
676 2829 716 2893 de
731 2829 884 2909 qualitate
900 2829 993 2894 istius
1005 2828 1122 2893 domus
1138 2836 1169 2892 et
1185 2828 1302 2909 onibus

214 2927 320 2991 modis
333 2929 375 2991 sit
392 2928 551 3007 resignata
564 2938 659 3008 atque
671 2937 886 3008 transportata
902 2944 957 3008 per
969 2927 1118 2991 dominos
1131 2926 1304 3007 aliquando

214 3037 366 3107 regentes
382 3043 466 3090 nunc
482 3025 664 3100 defunctos,
683 3027 821 3106 petendo
836 3027 962 3106 copiam
978 3025 1141 3089 literarum
1158 3025 1305 3088 scabina-

215 3124 293 3188 lium
320 3141 381 3205 pro
400 3125 559 3188 interesse
581 3123 751 3188 facultatis.
775 3123 814 3188 bt
833 3123 859 3187 si
883 3123 1000 3188 ibidem
1022 3123 1053 3186 in
1077 3123 1174 3188 domo
1201 3123 1305 3204 aliqua

214 3224 384 3304 suppellex
398 3224 467 3288 sive
483 3224 632 3287 utensilia
648 3223 783 3304 quedam
802 3224 897 3287 modo
914 3223 1073 3303 premisso
1090 3221 1200 3286 relicta
1217 3223 1304 3284 inve-

215 3323 344 3386 niantur
365 3333 420 3387 aut
441 3323 516 3387 alibi
540 3323 674 3404 reperiri
697 3324 834 3403 possint,
859 3321 912 3386 liat
939 3322 1067 3386 illorum
1091 3322 1305 3386 inventarium

216 3438 272 3501 pro
287 3422 548 3486 conservatione.
573 3422 611 3486 Et
626 3422 674 3486 sic
698 3421 859 3486 conclusit
873 3421 1028 3486 decanus.
1053 3423 1144 3495 nort,
1163 3419 1229 3494 Vll,
1247 3419 1303 3482 iol.

217 3521 253 3582 lb
269 3534 313 3584 νο.

258 3673 502 3744 preconiorum,
531 3671 550 3734 3
572 3673 679 3735 arturtii
705 3671 794 3744 1536,
822 3671 853 3734 in
880 3672 977 3736 domo
1002 3669 1161 3735 lacultatis
1188 3668 1303 3731 artium

215 3780 435 3836 convenerunt
460 3770 581 3835 domini
603 3771 758 3844 decanus,
786 3781 936 3850 receptor·
962 3769 1133 3841 facultatis,
1159 3765 1303 3847 magistri

213 3871 353 3936 loannes
374 3869 413 3934 de
438 3870 638 3934 Armenteria
661 3881 693 3934 et
716 3869 833 3934 Paulus
856 3869 1018 3942 lloclsius,
1040 3866 1199 3932 medicine
1225 3864 1303 3927 doc-

215 3983 314 4046 tores,
332 3969 501 4034 Cornelius
517 3968 557 4033 de
569 3967 677 4034 chrt
692 3979 723 4033 et
738 3969 990 4050 christophorus
1008 3966 1193 4038 llarrcbelra
1210 3971 1303 4028 sacre

216 4068 387 4148 theologie,
405 4067 566 4131 Adrianus
590 4066 629 4132 de
650 4067 836 4148 Cluetingen
859 4077 891 4131 et
905 4066 1104 4130 Ttreodricus
1122 4061 1302 4137 Peelmans,

217 4169 383 4248 utriusque
402 4167 483 4247 juris
502 4165 667 4241 licentiati,
685 4177 717 4231 et
737 4165 877 4231 loatnres
897 4165 1087 4247 llruyclrere,
1106 4178 1198 4228 sacre
1212 4161 1303 4225 tlreo·
