3222 4950
667 530 853 595 -399-

216 709 397 784 monebant,
415 709 500 790 quod
521 725 678 791 nusquam
702 712 734 774 in
754 711 882 777 statutis
904 713 1062 778 facultatis
1078 711 1302 778 inveniebatur

213 807 283 872 siue
294 808 424 887 caputio
436 809 475 872 ad
488 811 938 890 corrgregationemfacultatis
950 813 1128 878 venientem
1147 828 1210 876 non
1227 829 1302 877 esse

212 905 416 972 ludecanum
431 907 629 990 eligendum,
647 910 803 986 secundo,
817 911 891 993 quia
909 928 982 991 pars
997 911 1130 976 adversa
1148 927 1210 974 non
1228 927 1304 992 pro-

214 1005 298 1070 bavit
313 1007 452 1087 aliquos,
470 1007 522 1088 qui
540 1010 727 1085 magistrum
742 1010 894 1075 iacobum
913 1011 1095 1076 Varentium
1111 1010 1301 1090 elegissent,

214 1103 315 1169 fuisse
332 1105 554 1170 minorennes.
580 1109 655 1174 Post
671 1108 751 1172 baec
774 1109 806 1172 in
823 1110 1031 1191 deputatione
1054 1119 1136 1182 acta,
1154 1109 1305 1190 antiquus

212 1204 356 1302 decanus
393 1221 466 1269 curn
503 1206 663 1286 deputatis
700 1225 739 1272 ex
775 1209 872 1273 rubea
908 1225 1034 1273 camera
1070 1207 1229 1288 processit
1265 1209 1304 1271 ad

212 1304 362 1369 dominos
385 1305 426 1370 de
448 1307 598 1371 facultate
621 1307 653 1369 in
669 1307 741 1372 vico
763 1318 990 1390 congregatos,
1008 1325 1174 1390 exponens
1197 1307 1303 1372 omnia

213 1414 397 1480 prenarrata
415 1413 445 1469 et
462 1421 587 1485 ponens
612 1405 642 1468 in
659 1406 905 1481 deliberatione,
924 1425 963 1470 an
989 1408 1092 1487 placet
1117 1407 1305 1488 magistrum

209 1501 363 1566 iacobum
380 1502 562 1567 Varentium
583 1504 625 1568 ob
641 1521 756 1569 causas
774 1518 980 1585 prenarratas
1006 1507 1037 1568 in
1055 1507 1212 1570 decanum
1229 1523 1305 1570 con·

211 1599 352 1664 firmare.
370 1601 428 1676 Qui
444 1603 573 1682 quidem
587 1603 719 1676 domiui,
738 1604 856 1668 ibidem
869 1605 1067 1686 congregati,
1081 1603 1199 1668 dictam
1216 1603 1303 1669 elec-

213 1698 332 1763 tionem
364 1709 395 1764 et
432 1701 569 1766 electum
607 1704 827 1784 approbarunt
855 1715 887 1769 et
925 1704 1116 1785 approbant,
1148 1703 1304 1769 addentes

214 1796 453 1875 nichilominus,
482 1801 567 1881 quod
594 1801 762 1882 deincepts
792 1820 886 1868 nemo
916 1804 1140 1885 magistrorum
1171 1803 1304 1867 deberet

212 1897 369 1962 accedere
398 1899 436 1962 ad
468 1901 613 1980 publicas
643 1903 804 1966 facultatis
833 1903 1101 1984 congregationes
1136 1903 1198 1966 nisi
1228 1919 1301 1966 curn

214 1997 342 2076 caputio
368 1999 452 2062 etin
481 2000 588 2063 babitu
616 2001 763 2066 honesto.
799 2002 837 2067 Et
865 2003 938 2084 quia
968 2003 1078 2084 sepius
1108 2002 1258 2066 viderunt
1285 2019 1302 2063 a

217 2096 379 2176 magistris
392 2097 1302 2182 facultatiscontrariumfleri,idcirco'percommissarios

214 2195 374 2260 facultatis
402 2197 441 2260 ad
473 2198 535 2262 boc
564 2199 731 2280 eligendos
760 2201 878 2266 debere
895 2201 1131 2266 fieristatutum
1148 2215 1303 2280 expresse

216 2293 402 2371 prohibens,
421 2313 460 2360 ne
476 2296 548 2377 quis
571 2297 642 2362 sine
663 2300 792 2379 caputio
814 2311 844 2364 et
860 2301 996 2365 laorresto
1012 2299 1120 2364 babitu
1137 2315 1303 2380 compara-

215 2401 287 2456 rent
304 2392 344 2456 ad
365 2393 524 2458 facultatis
541 2399 836 2478 congregationem,
855 2399 1009 2480 nequead
1027 2407 1117 2463 actus
1135 2396 1300 2478 pumicosa

218 2489 313 2571 idque
328 2492 388 2555 sub
406 2509 486 2572 pena
502 2511 559 2574 per
574 2496 704 2560 eosdem
720 2497 961 2562 commissarios
977 2498 1134 2562 addenda.
1156 2519 1170 2556 1

254 2587 340 2654 Obiit
363 2591 503 2657 Jacobus
526 2593 694 2659 vacantius
715 2595 755 2658 ⁶25
776 2596 886 2676 aprilis
912 2596 999 2659 1517.
1023 2596 1102 2660 Vide
1125 2593 1301 2659 medicinae

214 2685 365 2754 doctores
380 2699 412 2754 et
427 2691 642 2770 professores.

252 2835 303 2900 37.
319 2837 446 2903 lucanus
464 2840 578 2916 Jaoour,
595 2841 912 2918 Teneramundanus,
929 2844 1035 2910 dictus
1056 2843 1150 2908 etiam
1171 2841 1298 2904 lucanus

213 2953 247 2998 na
267 2935 499 3015 feuanauuuua,
516 2955 601 3004 anno
624 2940 705 3004 1544
720 2941 752 3006 in
768 2943 891 3006 artibus
906 2959 923 3007 e
940 2943 1077 3007 Falcone
1094 2939 1169 3015 16⁰¹,
1187 2939 1299 3004 docuit

214 3035 245 3098 iu
261 3037 374 3100 eodem
392 3037 453 3102 boc
468 3054 528 3102 suo
546 3039 743 3122 paedagogio
758 3057 843 3105 antro
858 3041 1044 3106 academico
1060 3037 1249 3104 15461547.

251 3183 302 3247 38.
320 3185 495 3250 Raunatuus
518 3187 616 3251 Funus
638 3189 687 3253 vel
710 3190 812 3265 Fraus,
830 3189 1056 3266 Virtonieusis,
1074 3189 1179 3253 dietus
1202 3187 1297 3251 etiarn

213 3279 388 3348 Raruntuus
410 3303 447 3348 11
469 3285 610 3362 Vrnruuo,
628 3304 713 3353 anno
736 3289 816 3352 1540
838 3289 869 3351 in
890 3289 1012 3352 artibus
1032 3287 1203 3352 efalcoue
1219 3285 1297 3361 34²¹,

211 3380 248 3444 ad
274 3383 449 3446 concilium
477 3383 637 3449 facultatis
661 3387 777 3451 artium
807 3387 969 3450 admissus
997 3387 1015 3448 5
1039 3385 1176 3468 januarii
1204 3383 1296 3456 1541,

211 3478 321 3545 docuit
336 3481 366 3544 in
384 3482 444 3546 boc
460 3499 519 3547 suo
536 3484 732 3565 paedagogio
748 3501 832 3550 auno
848 3485 1031 3551 academico
1047 3483 1238 3547 15461547.

251 3629 300 3694 39.
318 3630 446 3694 loannes
462 3630 572 3706 fanan,
589 3632 778 3708 Montensis,
796 3633 902 3698 dictus
916 3633 1011 3698 etiam
1022 3632 1152 3696 loannes
1164 3649 1202 3694 ue
1213 3629 1296 3694 blon-

210 3747 302 3803 uaus,
320 3745 404 3793 anno
421 3729 501 3794 ltili
516 3731 549 3794 in
566 3731 688 3796 artibus
700 3732 784 3796 inter
798 3731 859 3796 156
876 3731 1110 3814 magistrandos
1126 3747 1143 3796 e
1159 3729 1298 3794 Falcone

211 3827 345 3905 primus,
373 3828 411 3892 ad
442 3829 615 3894 concilium
645 3829 805 3895 facultatis
835 3831 951 3896 artium
981 3829 1143 3894 admissus
1173 3831 1185 3892 l
1214 3827 1296 3910 junii

209 3925 298 3997 1546.
325 3927 564 4007 philosophiam
586 3927 698 3994 docuit
723 3929 756 3992 in
771 3929 834 3994 boc
856 3945 916 3996 suo
943 3927 1141 4010 paedagogio
1155 3927 1195 3992 ab
1211 3943 1296 3992 anuo

210 4023 289 4087 1546
303 4025 343 4089 ad
359 4025 451 4089 1554.

249 4157 300 4221 tt.
319 4157 450 4224 loannes
469 4159 676 4236 Btnueuaanr,
698 4177 736 4226 ex
761 4159 897 4235 Revino,
919 4162 1026 4227 dictus
1052 4160 1148 4227 etiam
1166 4161 1295 4224 loannes

212 4273 248 4320 ur
263 4257 390 4331 Reviso,
407 4274 491 4324 anno
507 4258 634 4323 153911
650 4261 773 4325 artibus
789 4278 806 4326 e
822 4260 1104 4334 611111111“,11
1121 4259 1293 4325 concilium
