3232 4942
387 867 448 942 67.
478 868 643 944 Cunabula
675 892 719 942 ne
749 866 1251 948 Setun-Banntn,ottunss1

658 1007 706 1058 na
734 983 980 1058 Setun-Onon.

317 1179 478 1248 Getatdus
501 1180 539 1246 ab
563 1179 795 1254 flatoenooutn
813 1179 914 1246 abbas
938 1176 1123 1248 Bettiuieni.
1145 1175 1231 1258 quoti
1256 1172 1366 1240 nono-

278 1280 431 1360 matopoli
458 1291 520 1354 est,
548 1280 709 1355 coenobii,
739 1281 875 1360 ptimum
905 1280 937 1342 ln
964 1278 1092 1343 civitate
1121 1293 1179 1348 sua
1209 1285 1365 1352 eoepetat

278 1379 343 1443 «in
368 1380 522 1444 honorem
550 1397 628 1444 nxxn
658 1379 889 1460 discipulorum
912 1377 1031 1443 Christi
1054 1393 1112 1457 pto
1136 1375 1267 1439 totidem
1293 1383 1364 1438 stu·

276 1477 379 1546 dionis
396 1476 614 1544 fundationem
631 1477 757 1558 etigete
771 1495 808 1543 ao
824 1479 946 1552 dotato,
962 1493 1001 1542 ne
1018 1489 1155 1557 unquam
1170 1483 1224 1538 aut
1240 1472 1360 1537 eitituii

275 1586 328 1641 aut
345 1576 506 1642 iettitotio
523 1575 755 1640 iludnmatensi
777 1576 899 1641 boniet
922 1575 995 1641 veti*
1010 1585 1169 1656 pastoms.
1187 1571 1226 1636 ab
1246 1572 1363 1637 abbate

277 1676 439 1756 plerisque
465 1676 494 1738 in
519 1675 598 1742 loeis
625 1676 820 1748 nominandi.
845 1677 1009 1742 deessent.
1031 1674 1077 1738 Ad
1101 1687 1237 1755 quotum
1263 1672 1361 1736 otiam

276 1775 523 1851 institutionem,
538 1776 618 1840 etad
632 1776 730 1840 totius
748 1777 836 1841 utbis
848 1792 926 1842 suae
940 1774 1091 1856 majorem
1104 1782 1262 1846 otnmum,
1277 1772 1363 1852 epis·

275 1891 377 1954 oopus
402 1874 559 1956 [ejusdem
582 1892 665 1940 anno
690 1875 780 1954 1563]
802 1876 916 1952 laetus,
944 1878 987 1953 [et
1011 1872 1174 1938 Pontifibis
1200 1889 1237 1935 ao
1263 1871 1360 1954 Regis

275 1990 411 2038 assensu
430 1973 585 2038 abbatiam
609 1989 699 2039 suam
719 1976 884 2052 rutinensi
902 1973 1073 2054 collegium
1089 1971 1267 2036 societatis
1280 1969 1359 2036 iesu

276 2071 393 2135 ibidem
410 2081 441 2136 ot
456 2073 557 2136 etexit
569 2082 599 2137 et
614 2073 747 2139 dotavit.
763 2073 904 2155 lienique
918 2083 951 2137 ut
967 2070 1174 2137 seminarium
1187 2069 1277 2144 iilud,
1290 2086 1358 2132 non

275 2179 395 2234 tantum
418 2170 637 2246 seminarium,
663 2171 838 2237 sedetiam
863 2171 1054 2252 plantarium
1078 2180 1177 2242 esset,
1202 2168 1233 2232 in
1259 2169 1360 2233 Lota-

274 2269 376 2334 niensi
387 2269 600 2336 Univetsllate
612 2271 741 2335 donnum
755 2271 830 2335 emit
842 2271 916 2349 [vin
927 2268 1190 2351 quaevetnaoolo
1206 2283 1360 2333 sermone

275 2368 444 2432 Hoeisttoei
469 2369 598 2440 dioitun
626 2385 707 2451 quae
733 2370 809 2434 olim
840 2370 987 2434 Falconis
1014 2367 1245 2450 paedagogium
1273 2365 1357 2444 tuiti,

274 2482 367 2547 quatu
391 2467 559 2548 collegium
584 2469 684 2534 santii
711 2469 827 2534 Bettini
852 2468 913 2532 dini
937 2467 1048 2542 voluit,
1065 2467 1125 2531 etsi
1146 2465 1241 2547 uulgo
1257 2463 1359 2528 colle-

274 2565 360 2646 gium
376 2567 618 2632 Andomatense
630 2567 786 2648 appellata
803 2568 908 2632 luetit.
925 2568 957 2631 ln
975 2585 1034 2648 qua
1051 2569 1242 2644 [cetetotum
1256 2566 1359 2642 utute]

275 2664 335 2730 sub
351 2666 505 2746 tegimine
522 2668 615 2732 ultius
639 2667 796 2748 praesidis
820 2669 850 2730 in
873 2667 1076 2750 gravionibus
1092 2664 1273 2745 disciplinis
1291 2663 1358 2726 lot·

275 2763 442 2829 mabantut
472 2776 629 2846 pastores,
662 2777 830 2847 postquam
860 2765 1057 2832 sufficientet
1087 2766 1118 2827 in
1150 2763 1359 2828 inlationibus

274 2864 388 2928 studiis
405 2864 542 2930 instituti
560 2865 705 2932 luissent.
724 2889 737 2925 b
758 2867 800 2930 ltu
818 2866 975 2940 nouitas,
998 2867 1041 2929 De
1055 2867 1223 2937 cottonius,
1242 2863 1297 2924 lib.
1317 2861 1356 2935 ll,

274 2979 343 3042 nup.
371 2963 411 3026 ta
450 2962 535 3028 Obiit
560 2966 719 3040 fundator,
749 2967 876 3046 pietate,
906 2963 1137 3046 prudentiane
1165 2962 1359 3026 liberalitato

273 3065 549 3143 commendabilis,
568 3083 680 3130 mense
698 3068 811 3131 monio
827 3067 900 3130 anni
917 3067 1009 3129 liiii.
1102 3143 1104 3150 Α

316 3160 362 3224 ΑΙ)
391 3161 461 3242 ejus
493 3163 581 3228 obitu
616 3165 755 3245 pertenit
789 3165 985 3230 lovaniense
1021 3161 1205 3244 collegium,
1236 3161 1358 3240 dolien,

273 3261 311 3323 l3
326 3261 475 3324 t'ebtuatii
500 3262 591 3339 luat,
611 3262 813 3328 Bettinianus
836 3263 934 3326 abbas
956 3263 1086 3326 domum
1110 3260 1256 3342 patnbus
1279 3257 1361 3324 Ota·

271 3361 344 3424 totii
361 3378 474 3426 tenens
491 3361 521 3424 in
540 3363 681 3444 Belgium
698 3363 837 3426 iniluozis
853 3361 996 3427 vottuidit
1011 3361 1061 3439 (1).

308 3541 348 3614 (l)
362 3542 450 3615 Voyoe
462 3544 605 3608 eidsssus,
623 3547 667 3610 lv,
684 3567 711 3620 p.
726 3545 794 3614 3023
811 3550 839 3599 et
851 3543 885 3610 V,
903 3562 928 3616 p.
945 3543 1008 3600 491.
