3248 4954
744 375 907 438 ..90-

325 558 381 624 isti
395 565 524 623 centurn
545 554 658 622 llorcni
674 572 692 620 a
707 556 846 636 quodam
861 553 965 620 antico
981 552 1155 620 liberaliter
1170 553 1278 619 donati
1294 561 1372 620 sunt

280 657 316 722 lu
341 656 482 722 savorem
509 670 639 721 mensae
664 654 767 720 sancti
793 653 931 736 Spiritus
957 661 989 718 et
1015 652 1266 719 domesticorum
1293 667 1372 732 pau-

282 771 395 840 perum
417 753 513 836 hujus
536 751 768 834 paronniaco
790 767 966 833 pauperum
988 757 1021 817 et
1041 751 1136 815 simul
1159 750 1369 816 bonestorum

277 853 502 922 studiosorum
527 869 566 918 ex
593 851 704 917 eadem
734 850 896 932 parocbia.
927 849 1013 916 [teus
1039 849 1126 916 bono
1153 849 1248 915 istius
1275 849 1370 914 amici

281 952 411 1020 affectui
427 951 576 1034 dignetur
591 949 797 1016 benedicere.

322 1052 413 1128 Quod
429 1058 575 1125 attestor,
593 1050 612 1112 5
628 1049 772 1115 octobris
788 1049 880 1124 1658,

457 1149 533 1213 Αιιτ.
550 1150 749 1224 Verrucosus,
768 1157 878 1229 pastor
894 1156 1025 1213 sanctae
1041 1145 1208 1212 Gertrudis
1224 1143 1368 1210 Lorarii.

279 1347 333 1415 41.
347 1345 442 1410 Notcr
453 1347 587 1410 diverses
600 1345 738 1409 relatives
753 1363 793 1408 uu
806 1345 915 1425 colline
926 1345 963 1408 rie
977 1345 1009 1407 la
1025 1341 1368 1408 Tan-Surnre-Trrnne.

448 1499 482 1550 A.
499 1495 620 1550 Porruss
640 1500 752 1551 roboras
772 1513 789 1549 ιι
810 1513 844 1550 un
864 1511 994 1550 uounuou
1014 1511 1051 1549 uu
1071 1499 1206 1562 oouubou,

335 1591 506 1652 concessus,
538 1603 575 1641 un
608 1585 687 1655 1657,
717 1603 771 1642 run
801 1603 835 1641 uu
865 1601 1042 1642 raorussuon
1070 1585 1142 1640 Junrr
1172 1585 1301 1643 Lacuna.

393 1729 518 1794 Epistola
530 1732 568 1782 aa
581 1744 692 1782 murum
705 1734 828 1782 inuitans
842 1732 921 1782 illam
934 1732 972 1782 ud
984 1731 1131 1794 cruentum
1143 1741 1254 1781 nwum.

237 1915 239 1920 -
362 1865 394 1933 Si
412 1866 505 1946 petis,
525 1867 609 1931 unde
625 1866 681 1930 tibi
699 1867 841 1931 mittatur
856 1866 1005 1948 epistola,
1025 1867 1140 1932 Musa:

404 1965 428 2028 E
445 1965 499 2028 tibi
517 1973 644 2031 sacrato
660 1965 797 2030 mittitur
811 1965 864 2029 illa
880 1965 964 2030 loco.

365 2062 477 2144 Pergis
492 2071 523 2128 et
539 2063 674 2130 ulterius
689 2069 759 2142 (neo
781 2064 865 2129 enirn
882 2064 938 2130 tibi
953 2064 1058 2129 littera
1075 2071 1203 2128 nostrae

405 2161 486 2227 Nota
501 2164 624 2240 manus)
640 2162 745 2243 qualis
761 2163 804 2228 sit
819 2163 910 2228 locus
927 2161 992 2238 ille,
1010 2163 1103 2244 petis.

365 2257 484 2340 Accipe
500 2259 591 2340 sigua
607 2259 682 2334 loci,
702 2260 823 2326 mittam
840 2277 898 2342 pro
915 2261 1044 2326 nornine
1060 2261 1151 2344 signa
1170 2283 1177 2324 :

406 2357 498 2423 Hunc
513 2357 644 2439 rapidus
662 2357 752 2424 ilaris
768 2359 848 2423 bilia
866 2367 971 2425 tranat
985 2359 1089 2441 aquis,

364 2456 532 2526 Moenibus
547 2468 597 2523 est
612 2457 727 2539 amplis
743 2457 937 2525 Grndiorurn
954 2459 1084 2540 propria
1102 2458 1209 2534 sedes,

404 2556 587 2622 Doctriuam
605 2573 718 2638 magna
735 2558 897 2624 fertilitate
914 2557 1018 2638 parit;

273 2717 276 2726 .
363 2654 411 2724 lili
428 2655 509 2722 turis
525 2655 620 2730 inest,
634 2673 716 2739 quae
732 2657 848 2723 nubern
865 2657 985 2723 intrare
999 2657 1137 2733 videtur,

402 2755 526 2820 Nomen
542 2764 573 2820 ct
588 2772 605 2820 a
621 2765 768 2836 sumptus
785 2755 966 2835 perditione
982 2755 1080 2821 trabit
1095 2756 1149 2836 (l);

364 2854 526 2920 lrnbribus
540 2865 572 2920 et
586 2855 692 2921 ventis
708 2871 836 2921 exesam
849 2855 997 2922 Caesaris
1014 2871 1121 2920 arcem

404 2951 530 3028 (Caesar
545 2953 645 3030 eninr,
662 2963 695 3018 ut
712 2955 792 3018 lama
808 2963 869 3028 est,
887 2953 1075 3031 aedificarit)
1091 2953 1198 3018 babet.

365 3049 422 3118 liic
435 3051 525 3116 locus
541 3060 716 3132 est,quern‚
731 3069 813 3134 quae
826 3051 942 3118 studiis
954 3068 1046 3119 sacra
1060 3051 1190 3116 numina
1204 3061 1370 3132 praesunt,

407 3148 441 3212 ln
458 3149 519 3214 sibi
535 3150 684 3215 dilectam
701 3150 900 3216 constituere
916 3150 1059 3224 tornum,

365 3248 468 3328 thue
484 3264 562 3314 suae
579 3248 714 3314 ulterius
730 3249 896 3314 doctrinae
912 3249 1035 3315 semina
1052 3248 1187 3320 mittant.

406 3345 492 3422 Quas
508 3347 662 3423 habitent,
681 3348 828 3428 proprias
844 3348 1013 3414 obtinuere
1029 3349 1172 3414 scbolas.

364 3445 425 3511 Sed
443 3445 499 3510 tibi
516 3447 626 3511 nescio
641 3463 722 3529 quae
739 3446 865 3511 fortuna
888 3447 1020 3513 sinistra
1036 3447 1163 3529 negavit

405 3543 532 3608 Partem
550 3561 644 3608 unam
660 3543 803 3626 reliquos
820 3545 901 3610 inter
916 3545 1035 3612 babere
1050 3546 1130 3611 deos
1148 3568 1155 3607 :

365 3641 423 3708 llio
438 3641 523 3716 libri,
541 3642 593 3706 bic
608 3643 727 3718 studia,
744 3642 796 3707 bic
812 3651 899 3709 artes
914 3661 1135 3726 quaecumque
1157 3643 1280 3710 sciendi

407 3739 677 3822 (excipientium,
694 3741 746 3807 cui
764 3741 857 3822 prais
873 3743 952 3824 ipsa)
970 3744 1088 3825 vigent.

363 3837 431 3902 Junr
448 3839 527 3904 satis
544 3849 602 3912 est,
622 3839 697 3917 Dee,
712 3840 777 3922 iarn
794 3841 873 3906 satis
889 3852 939 3907 est
955 3842 1101 3906 caruisse
1115 3842 1284 3922 palaestra,

406 3937 451 4003 Tc
462 3937 553 4020 juvat
568 3939 621 4004 bic
638 3940 769 4021 reliquis
785 3957 996 4007 annumerare
1012 3941 1086 4006 diis.

319 4117 358 4190 (l)
378 4119 417 4172 Le
429 4123 494 4174 tour
512 4121 579 4176 dont
600 4121 619 4174 il
634 4125 676 4176 ost
695 4121 820 4193 question
840 4123 875 4176 ici
890 4128 932 4177 cst
953 4124 978 4176 le
996 4123 1195 4188 leorcnkost,
1213 4129 1275 4192 pres
1295 4123 1328 4178 ds
1341 4122 1371 4176 lu

284 4209 411 4268 nouvelle
424 4215 502 4281 porte
516 4212 550 4266 de
564 4213 719 4269 Bruxelles.
