3252 4954
679 495 864 560 -lilll—

222 678 349 743 videsis
373 677 456 742 inter
475 676 558 757 iuris
583 677 751 758 utriusque
772 679 925 743 doctores
940 689 971 744 et
996 679 1218 761 professores:
1235 680 1319 746 item

223 778 258 842 li.
276 778 371 853 Nove,
389 794 444 858 op.
461 777 531 852 cit,
550 794 580 858 p.
599 776 672 840 117.

265 927 493 991 hildramnus
516 925 642 1002 Tuetcs,
668 925 898 992 Limericensis
921 926 1091 999 llibernus,
1115 927 1149 990 ln
1172 929 1315 1010 generali

225 1028 342 1093 artium
360 1025 660 1107 promotioneanno
676 1025 757 1089 loss
772 1034 918 1102 octavus,
937 1025 989 1108 qui
1007 1026 1199 1108 theologiam
1219 1029 1315 1108 ‘prius

226 1127 260 1191 in
279 1123 493 1190 'Heverleensi
516 1125 774 1190 coelestinorum
795 1125 966 1202 coenobio,
989 1125 1063 1190 dein
1087 1125 1120 1190 in
1141 1127 1315 1193 seminario

227 1225 493 1306 archiepiscopali
509 1223 730 1290 bleoblioiensi
755 1225 939 1298 tradiderat,
958 1235 1033 1290 tunc
1056 1227 1316 1307 congregationis

225 1324 364 1390 ¹Oratorii
383 1324 555 1389 Berulllani
579 1323 746 1398 sacerdos,
765 1333 795 1388 et
811 1341 828 1388 a
844 1323 884 1388 13
902 1325 1084 1389 novembris
1099 1325 1180 1389 1638
1204 1343 1316 1392 sacrae

226 1423 408 1504 theologiae
430 1424 557 1494 ductor,
574 1421 614 1485 13
627 1421 698 1502 julii
715 1421 794 1484 tots
812 1421 844 1484 in
867 1421 978 1488 schola
1004 1423 1131 1504 collegii
1155 1420 1317 1506 trilinguis

228 1521 1316 1604 puhliceauspicatusestlectionemlingrraegraecae.0hiitlovanii

228 1621 260 1684 in
276 1621 412 1704 collegio
437 1620 619 1697 ilibernioo,
637 1619 687 1684 cui
704 1630 859 1700 praeerat,
878 1621 897 1684 9
914 1621 1098 1686 novembris
1120 1621 1211 1686 toda.
1240 1624 1318 1688 Vide

228 1721 311 1784 inter
340 1733 452 1784 sacrae
482 1719 661 1799 theologiae
687 1719 858 1792 doctores;
887 1717 970 1783 inter
998 1721 1164 1800 praesides
1190 1721 1316 1804 collegii

229 1811 405 1894 hibernici,
423 1829 457 1881 tt⁰
472 1817 544 1892 Vll;
562 1827 594 1882 et
610 1819 643 1880 d.
662 1817 756 1889 Neve,
775 1835 827 1898 op.
846 1817 914 1888 cit..
933 1836 964 1898 p.
981 1817 1053 1881 its.

238 2018 242 2026 .
272 1968 319 2031 lb.
338 1967 467 2031 loannes
489 1966 691 2037 Noumenion,
719 1967 817 2048 vulgo
847 1967 891 2030 [ie
916 1966 1011 2041 Bous,
1038 1967 1155 2033 nobilis
1182 1941 1316 2050 Anglus,

230 2068 388 2134 successit
405 2067 564 2132 Malthace
579 2065 697 2146 Tbeige
713 2065 744 2130 in
760 2066 912 2132 cathedra
929 2066 1057 2147 linguae
1068 2069 1318 2148 graecae.Post-

228 2182 323 2248 quam
350 2182 407 2247 per
430 2181 527 2229 unum
550 2165 726 2229 alterumve
749 2180 867 2230 antrum
894 2165 1072 2240 docuisset,
1091 2167 1228 2232 lovanio
1250 2167 1318 2232 dis·
1344 2164 1348 2175 ’

229 2265 339 2331 cessit.

272 2414 320 2476 11.
339 2412 517 2476 Burmannus
537 2413 757 2482 llnvanacutos,
776 2411 816 2475 de
831 2428 896 2492 quo
915 2411 981 2492 iam
997 2413 1123 2494 egimus
1147 2413 1229 2478 inter
1245 2432 1319 2495 pro·

232 2515 374 2579 sessores
398 2512 524 2592 linguae
547 2511 664 2574 latinae
684 2521 718 2572 n⁰
740 2509 772 2580 9.
791 2510 978 2576 discedente
993 2512 1224 2586 Noumeniono,
1247 2523 1320 2594 post

230 2613 250 2678 5
267 2611 370 2676 martii
391 2609 468 2674 1614
485 2609 681 2690 professoris
697 2609 804 2689 graeci
822 2625 938 2674 munus
957 2609 1068 2674 obivit.
1087 2609 1155 2683 Quo
1173 2629 1318 2686 munere,

234 2711 278 2776 uti
294 2719 325 2776 et
345 2710 542 2790 professoris
559 2708 660 2778 latini,
680 2709 804 2772 ltrnctus
827 2719 995 2789 estusque
1017 2710 1057 2772 ad
1074 2720 1220 2784 mortem,
1238 2729 1320 2793 quae

231 2810 344 2874 incidit
361 2810 392 2872 in
408 2808 510 2890 8julii
532 2808 623 2874 1661.

273 2959 324 3022 lb.
354 2958 485 3022 loannes
519 2977 554 3020 oc
586 2957 723 3030 hirneae,
759 2960 821 3022 Van
855 2958 1011 3032 brunnen,
1053 2957 1233 3023 D'llasuene
1269 2960 1319 3026 vel

234 3055 420 3131 D'llasusns,
440 3057 594 3137 lyranus,
612 3066 703 3121 antea
728 3056 894 3137 professor
916 3056 1089 3138 figurarum
1114 3065 1144 3122 et
1161 3073 1320 3140 gramma-

230 3156 313 3221 ticae
330 3157 360 3220 in
377 3157 514 3237 collegio
538 3155 763 3220 sanctissimae
777 3156 954 3229 Trinitatis,
973 3157 1132 3221 successit
1156 3158 1320 3224 Bernardo

240 3255 457 3336 llepmbaebio
474 3255 504 3318 in
523 3255 724 3336 professione
739 3271 854 3336 graeca
869 3257 996 3336 collegii
1014 3255 1174 3336 trilinguis
1199 3258 1238 3320 aa
1250 3257 1320 3338 julii

233 3355 325 3419 1664.
354 3355 478 3420 vivacis
505 3355 635 3436 ingenii,
664 3354 888 3435 acrisjudicii,
918 3357 1090 3420 memoriae
1118 3357 1257 3436 ingentis
1283 3374 1320 3422 ac

231 3455 331 3520 studii
355 3455 508 3520 indefessi
534 3453 696 3534 praeludia
721 3455 897 3520 liechiniae
923 3455 1055 3519 dederat
1077 3456 1202 3520 cunetis
1225 3457 1320 3522 soda-

232 3555 317 3620 libus
332 3563 548 3618 antevertens.
565 3553 642 3617 Dein
660 3553 697 3614 ad
717 3553 952 3634 philosophiam
967 3553 1096 3616 lovanii
1114 3555 1318 3620 ediscendam

232 3671 268 3719 se
285 3653 431 3726 contulit,
446 3653 660 3733 absolutoque
671 3652 704 3714 in
722 3653 918 3734 paedagogio
931 3653 1032 3716 Castri
1047 3651 1185 3716 bietmali
1198 3655 1319 3730 studio,

233 3753 346 3817 tertios
372 3752 574 3817 renuntiatus
597 3751 627 3814 in
647 3751 848 3832 promotione
870 3752 1012 3832 generali
1029 3751 1189 3815 facultatis
1205 3754 1320 3817 artium

231 3869 317 3918 anno
345 3853 441 3922 libi:
471 3852 544 3916 inde
568 3851 678 3932 majori
704 3851 843 3932 collegio
870 3852 1094 3932 theologorum
1124 3853 1321 3934 adscriptum

232 3960 305 4032 post
320 3951 565 4033 quatriennium
592 3951 713 4032 primus
738 3951 769 4014 in
785 3952 952 4032 gymnasio
979 3951 1202 4017 sanctissimae
1217 3953 1320 4017 Trini-

232 4049 305 4117 tatis
323 4051 576 4116 rudimentorum
601 4051 729 4130 linguae
745 4051 862 4114 latinae
877 4051 1066 4130 memorum,
1084 4061 1117 4114 ut
1132 4051 1229 4126 aiunt)
1247 4069 1321 4131 pro·

234 4148 338 4213 fossor
361 4167 445 4214 anno
463 4149 541 4213 1651
565 4157 751 4230 assumptus
774 4157 835 4224 est,
853 4159 885 4213 et
904 4156 1091 4228 conceptam
1115 4150 1155 4214 de
1170 4167 1207 4214 se
1230 4167 1320 4231 spem

235 4246 369 4313 feliciter
397 4249 549 4330 implevit,
575 4248 793 4313 severioribus
819 4247 936 4312 studiis
963 4249 1149 4313 amoeniora
1178 4251 1319 4324 socians,
