3202 4948
730 415 915 481 -296-

272 616 348 673 esse,
366 599 455 662 need
474 597 648 661 Tridentino
664 598 833 678 delinitum,
849 599 912 662 imo
934 615 988 662 nec
1002 616 1118 674 oerum,
1135 599 1217 681 pudd
1231 599 1361 678 sufficiat

272 697 396 761 Attritio
424 695 554 770 seruilis,
581 699 754 778 prasertim
787 697 925 778 cognita,
955 699 1010 764 sed
1048 716 1123 780 opus
1151 715 1215 762 esse
1242 700 1356 782 aliquo,

273 796 382 859 saltem
402 797 595 876 imperfecta,
626 793 790 859 Clturitotis
811 801 892 870 actu,
915 814 969 860 seu
994 797 1048 860 liei
1066 803 1191 878 propter
1211 814 1244 860 se
1266 814 1361 878 super

270 897 375 958 omnia
388 895 565 964 dilectione·
580 895 721 976 donoque
735 913 804 971 cum
817 902 951 977 peccatu,
969 903 999 960 et
1013 899 1103 960 ectrll
1114 899 1224 977 pratia
1245 899 1359 960 soncti-

268 995 390 1074 ficautie
411 993 597 1056 consortium
618 998 699 1056 storc
718 1010 836 1074 posse.-
860 1012 896 1056 ac
917 995 1039 1058 demum
1061 994 1253 1075 sinpulatmm
1275 995 1357 1074 eius-

268 1093 351 1156 modi
372 1093 550 1174 opinionum
570 1091 745 1172 pmealopiu
768 1093 893 1156 teritur.
912 1093 1044 1168 Romae,
1063 1092 1147 1173 typis
1164 1092 1355 1168 Komareclu

270 1208 368 1272 prope
394 1190 507 1254 turrim
534 1189 574 1254 de
599 1189 727 1268 (lyrilto,
756 1191 848 1254 1707.
877 1191 1038 1256 Recusum
1070 1191 1127 1255 luit
1153 1191 1215 1255 hoc
1243 1207 1353 1271 opus:

268 1291 299 1353 1ο
328 1287 471 1363 Lovanii,
502 1287 584 1369 apud
615 1287 651 1351 G.
683 1288 895 1370 Stryckwant‚
924 1289 1013 1371 juxta
1049 1290 1212 1370 exemplar
1242 1289 1355 1354 Romae

267 1389 460 1470 impressum
476 1398 561 1451 anno
579 1387 669 1464 tuot,
689 1405 752 1452 uno
767 1388 929 1453 volumine
945 1389 977 1452 iu
991 1389 1024 1453 80
1039 1397 1208 1454 constante
1224 1387 1354 1452 tauss-

267 1488 286 1550 5
304 1487 445 1568 paginis;
464 1487 495 1548 ΞΟ
510 1485 680 1558 Monaohii,
698 1487 779 1568 typis
800 1487 940 1552 Matthiae
955 1487 1059 1562 eleut,
1077 1503 1161 1552 suno
1179 1487 1270 1563 1708,
1290 1504 1354 1552 uno

267 1586 430 1651 volumine
446 1585 477 1648 in
494 1585 539 1649 40.

308 1685 464 1764 «insigne
479 1684 542 1748 lroe
557 1699 651 1763 opus,
669 1683 712 1746 eit
726 1681 742 1744 l
750 1735 753 1743 .
764 1683 961 1766 F.0ssiuger
976 1683 1008 1747 in
1024 1683 1214 1750 Bibliotheca
1228 1685 1352 1765 dopos-

266 1785 398 1858 lintona,
417 1801 447 1862 p.
465 1783 537 1854 305,
556 1799 618 1846 nou
642 1783 743 1846 caruit
765 1784 834 1848 suis
857 1784 1069 1848 censoribus:
1088 1800 1160 1847 nam
1178 1782 1353 1863 perdoctus

265 1882 301 1947 tt.
317 1881 516 1962 Augustinus
532 1880 657 1956 uisset,
675 1882 851 1946 cutronicus
867 1881 1024 1966 regutaris
1042 1881 1349 1958 Understoriieusis,

265 1981 336 2045 ord.
361 1980 393 2042 S.
410 1979 592 2060 Augustini.
618 1980 650 2042 S.
679 1980 860 2061 theologiae
884 1992 915 2045 et
938 1981 1020 2062 juris
1045 1983 1213 2062 utriusque
1236 1982 1351 2046 doctor

265 2095 303 2142 ac
319 2079 486 2157 professor
500 2079 665 2151 emeritus,
685 2096 743 2143 uec
760 2095 822 2143 uon
839 2081 1012 2144 celsissimi
1033 2079 1189 2160 principis
1206 2079 1348 2159 episcopi

267 2176 484 2257 irisingensis
521 2176 727 2240 consiliarius
764 2177 1018 2254 ecclesiasticus,
1050 2180 1155 2242 lucem
1192 2177 1351 2258 publicem

268 2273 377 2339 videre
393 2275 467 2338 lecit
482 2291 575 2355 opus,
593 2275 686 2354 cujus
702 2277 826 2356 integer
849 2277 961 2341 titulus
979 2299 987 2340 ε
1008 2279 1162 2341 discussio
1184 2275 1352 2357 ticolupica

267 2379 397 2455 quatuor
408 2373 670 2447 dissertationum,
684 2391 761 2454 pnes
772 2375 804 2435 in
815 2382 928 2454 puncto
944 2377 1136 2438 contritionis
1147 2381 1175 2438 el
1187 2375 1352 2438 attritionis

263 2475 366 2555 posuit
377 2474 646 2536 renuendissimus
659 2482 686 2537 et
698 2472 925 2561 illustrissimus
938 2476 977 2540 li.
993 2475 1031 2536 ll.
1047 2475 1157 2538 Petrus
1169 2473 1351 2540 Lambcrtus

266 2576 309 2638 Le
330 2575 426 2638 Drou.
445 2591 484 2635 ea
506 2573 611 2634 ordine
633 2573 761 2636 Eremit.
779 2573 814 2637 S.
832 2576 1010 2654 deposita,
1033 2576 1191 2654 episcopus
1215 2573 1350 2654 Porpirp·

264 2673 384 2748 riensis,
402 2689 463 2752 ouo
478 2673 660 2745 ostenditur,
674 2690 779 2735 oerum
795 2689 856 2735 nors
871 2690 949 2749 esse,
964 2674 1043 2754 quod
1058 2673 1192 2736 cionitas
1208 2672 1351 2736 benevola

266 2773 322 2835 Dei
333 2779 461 2853 propter
474 2773 669 2852 semetipsum
690 2782 719 2834 et
732 2789 826 2852 super
840 2775 944 2834 omnia
965 2775 1005 2834 sit
1020 2772 1202 2853 separabilis
1217 2789 1235 2834 a
1250 2775 1350 2852 pratia

264 2871 483 2948 sanctificante,
501 2876 530 2932 et
549 2871 729 2932 remissione
748 2877 951 2951 peccatorum.
971 2873 1046 2934 ltcm
1061 2889 1164 2934 uerum
1187 2888 1246 2932 uon
1271 2887 1351 2944 esse,

263 2975 293 3032 ct
308 2968 471 3047 tlreolopice
496 2976 668 3042 certumst
690 2969 861 3033 oCoucilio
878 2970 1054 3032 Tridentino
1076 2971 1182 3032 saltem
1205 2969 1354 3050 implicite

265 3067 435 3146 definitum,
452 3066 589 3145 sufficere
615 3067 654 3129 ad
679 3067 911 3132 Sacramentum
934 3071 1126 3147 poeniteutiae
1148 3068 1348 3140 attritionem,

264 3183 331 3246 pua
346 3172 457 3228 cotrstet
485 3167 596 3228 motivo
625 3167 855 3246 supernaturali
885 3167 1031 3244 interiore
1063 3185 1154 3248 quam
1191 3167 1350 3230 claritatis

263 3265 409 3328 benevola
428 3267 492 3341 liei,
510 3266 582 3328 irino
602 3267 692 3328 etiam
715 3266 850 3344 sufficere
872 3269 1015 3330 motivam
1037 3274 1134 3328 metus
1149 3265 1305 3346 peomne,
1322 3271 1353 3328 et

263 3364 422 3427 excludere
448 3382 538 3445 posse
576 3363 760 3427 uoluntatem
796 3367 943 3446 peccandi
977 3365 1148 3444 lormolem.
1187 3365 1349 3445 Augustae

264 3463 515 3538 vindelicorum,
541 3481 597 3542 per
620 3464 792 3544 Cuspurniu
818 3465 972 3540 Berrcard,
998 3465 1096 3539 ·ttt0;
1122 3465 1185 3528 vol.
1212 3465 1242 3525 iu
1266 3463 1309 3525 4⁰.
1331 3485 1345 3522 u

306 3562 384 3625 Huic
400 3563 557 3641 opusculo
573 3565 718 3641 opposita
736 3564 823 3626 luite
841 3563 935 3627 Petro
949 3563 1115 3627 humberto
1134 3565 1174 3626 Le
1192 3562 1275 3626 Drou
1294 3583 1301 3622 :

305 3661 334 3722 3.
361 3663 533 3740 Cortlutatio
549 3662 743 3724 discussionis
761 3663 932 3742 tlreolopica
949 3680 1009 3742 pur
1024 3663 1061 3725 ii.
1083 3662 1119 3724 ll.
1138 3663 1347 3742 ,iupustiuum

262 3761 383 3834 illelmi,
400 3761 431 3824 S.
462 3765 540 3838 disp.
567 3760 753 3824 Carronieum
777 3763 955 3841 Repulorem
980 3762 1281 3840 Understorffensem,

262 3867 365 3922 constra
378 3865 507 3939 quotuor
518 3861 554 3922 de
570 3861 749 3922 contritione
764 3867 791 3923 et
803 3861 957 3923 attritione
972 3861 1196 3922 dissertationes
1210 3860 1245 3923 F.
1263 3859 1349 3921 Petri

260 3959 414 4022 Lamberti
430 3959 474 4022 Le
487 3960 569 4021 tirou
584 3961 750 4039 Hupeusis.
774 3959 904 4034 Patavii,
918 3959 1001 4040 apud
1017 3959 1190 4038 losephum
1208 3957 1346 4030 Corona,

263 4057 501 4121 tt'13.Reeusu
531 4057 587 4122 luit
614 4058 692 4121 haec
720 4059 892 4134 &refutatio
922 4058 1052 4122 Lovuuii
1081 4059 1163 4138 typis
1189 4055 1347 4120 Guiiielmi

261 4157 473 4236 structuram,
504 4159 591 4238 Juxta
623 4159 784 4238 exemplar
814 4157 931 4221 Patavii
963 4157 1096 4232 editum,
1127 4173 1212 4220 anuo
1243 4153 1345 4228 trum
