3248 4954
681 468 867 531 -tlt-

265 649 388 716 Deinde
415 667 473 732 pro
501 649 613 730 majori
637 649 801 714 dotatione
826 657 857 712 et
879 656 1050 729 augmento
1073 644 1149 709 dieti
1175 643 1315 726 collegii,

225 750 309 816 idern
334 750 484 815 dominus
507 759 539 814 et
555 749 707 830 magister
722 748 829 814 vietor
845 749 941 812 modo
964 757 995 811 et
1021 746 1123 810 torma
1148 743 1316 823 premissis

223 851 312 915 dedit
334 861 365 915 et
392 849 554 914 transtulit
581 848 759 912 indictum
788 847 952 912 dominum
981 856 1013 910 et
1039 844 1227 926 magistrum
1256 843 1318 906 tti-

223 948 366 1014 oltaelem
382 947 422 1013 de
436 947 498 1028 Bay
513 947 658 1012 redditus
674 964 732 1011 seu
747 945 861 1010 vitales
876 943 1050 1026 pensiones
1066 943 1318 1023 subsequentes·

222 1065 281 1131 per
292 1065 364 1114 eum
377 1057 501 1129 emptas
513 1048 551 1110 ad
566 1057 597 1111 et
613 1063 711 1126 supra
727 1046 844 1110 dietam
857 1044 1020 1109 civitatem
1033 1041 1312 1123 Antverpiensem‚

222 1147 261 1211 ad
277 1163 360 1228 opus
376 1156 408 1212 et
435 1147 602 1211 utilitatem
618 1145 763 1226 ejusdem
787 1144 914 1225 eollegii
932 1141 1168 1208 eorrvertendes
1193 1141 1224 1202 in
1240 1155 1313 1204 eum

224 1263 326 1321 usum,
345 1261 439 1328 quem
463 1244 568 1308 dietus
588 1244 740 1324 magister
757 1242 905 1314 lliolnadl,
924 1242 1084 1322 provisor,
1102 1251 1135 1304 et
1155 1240 1226 1320 ipse
1242 1239 1313 1302 lun-

223 1345 315 1410 dator
348 1344 538 1426 judicabunt
576 1344 711 1408 maxime
747 1342 1005 1415 convenientem,
1039 1339 1116 1402 nihil
1150 1338 1233 1419 juris
1262 1338 1312 1401 vel

223 1444 359 1510 aetionis
375 1442 436 1506 sibi
453 1444 484 1505 in
501 1442 616 1506 iisdem
632 1443 830 1507 reservando
849 1465 856 1504 :

265 1542 425 1622 imprimis
443 1558 584 1606 annuum
608 1549 639 1606 et
653 1542 782 1606 vitalem
799 1541 958 1606 redditum
982 1538 1211 1621 quinquaginta
1233 1537 1312 1600 duo-

222 1659 293 1709 rum
310 1643 507 1707 florenorum
531 1641 739 1706 rhenensium
763 1641 832 1706 sive
847 1639 964 1714 Caroli,
982 1640 1149 1705 cedentem
1174 1634 1312 1716 singulis

222 1742 316 1804 annis
346 1741 507 1805 mediatim
539 1740 591 1822 13·
616 1741 743 1822 augusti
772 1751 805 1806 et
833 1740 886 1803 13·
912 1739 1075 1808 l'eltruarii.
1105 1754 1161 1818 per
1190 1736 1311 1799 dietum

222 1839 386 1904 dominum
400 1847 432 1903 et
445 1839 631 1920 magistrum
644 1839 815 1915 Victorem,
831 1840 1044 1910 formatorem,
1058 1846 1199 1915 emptum
1212 1848 1310 1912 supra

222 1939 340 2002 dietam
356 1939 517 2002 civitatem
533 1938 813 2018 Antverpieosem
828 1939 871 2002 uti
888 1947 1014 2002 eonstat
1028 1954 1084 2017 per
1099 1936 1208 2000 literas
1224 1932 1310 1996 diute

221 2037 362 2102 civitatis
391 2038 532 2117 desuper
557 2037 722 2118 expeditas
749 2039 809 2102 sub
836 2054 960 2102 annua
987 2035 1156 2100 Nativitate
1183 2030 1310 2095 Domini

222 2136 273 2199 xve
296 2136 362 2218 lxij,
381 2137 433 2200 die
454 2137 578 2202 decima
601 2137 692 2202 tertia
712 2137 876 2208 februarii,
895 2137 1038 2215 signatas
1060 2145 1092 2200 et
1107 2131 1309 2211 subscriptas

222 2252 282 2316 per
300 2235 465 2299 dominum
488 2235 529 2299 de
546 2237 627 2316 lioy,
645 2235 732 2300 diote
754 2236 893 2300 civitatis
915 2234 1137 2306 secretarium,
1155 2241 1187 2296 et
1210 2229 1308 2292 rubro

222 2334 328 2415 sigillo
346 2334 489 2415 ejusdem
506 2335 644 2398 civitatis
660 2335 827 2418 sigillatas.

260 2433 338 2498 item
369 2433 473 2498 adhue
503 2451 599 2498 unum
626 2435 788 2499 redditum
814 2451 954 2498 annuum
983 2443 1014 2498 et
1039 2432 1167 2496 vitalem
1196 2430 1307 2511 viginti

217 2532 433 2598 consimilium
461 2532 657 2597 florenorum
684 2551 782 2614 supra
809 2535 952 2598 eamdem
983 2525 1143 2597 civitatem
1169 2534 1305 2593 Antuer·

219 2633 362 2712 piensem
392 2633 540 2697 similiter
576 2645 730 2714 emptum,
762 2635 930 2700 cedentem
962 2631 1125 2698 arrnuatim
1157 2648 1215 2711 pro
1246 2644 1306 2693 uua

213 2731 317 2796 media
341 2744 430 2813 parte
446 2733 635 2797 duodecima
655 2733 807 2813 januarii,
824 2745 855 2798 et
878 2735 976 2798 altera
994 2732 1098 2796 media
1115 2741 1205 2812 parte
1221 2729 1305 2793 duo-

216 2830 338 2896 decima
352 2830 435 2911 julii,
452 2831 495 2894 uti
510 2841 595 2912 patet
611 2848 668 2910 per
683 2833 794 2896 literas
806 2833 891 2896 diote
906 2831 1044 2895 civitatis
1060 2828 1305 2909 Antverpiensis

216 2930 357 3010 desuper
383 2931 571 3004 existentes,
593 2931 624 2993 in
651 2932 722 2994 data
747 2932 799 2994 la·
809 2932 880 3012 julii
904 2948 988 2994 anno
1012 2939 1064 2994 ιινο
1090 2928 1303 3009 sexagesimo,

217 3043 274 3107 per
288 3029 464 3109 grapneum
481 3029 691 3093 secretarium
707 3030 850 3111 signatas
869 3029 1128 3110 etsubscriptio,
1146 3045 1183 3092 ae
1207 3027 1305 3092 rubro

215 3125 323 3206 sigillo
340 3126 485 3207 predicte
501 3126 639 3191 civitatis
656 3128 822 3209 sigillatas.

255 3225 333 3289 item
363 3225 460 3289 aliurn
491 3226 650 3290 redditum
681 3228 808 3292 vitalem
838 3227 948 3308 viginti
980 3227 1074 3291 unlus
1104 3225 1301 3290 llorenorum

212 3324 419 3390 rhenensium
443 3325 511 3390 sive
527 3326 644 3400 Caroli,
663 3343 719 3407 per
740 3329 888 3392 eumdem
912 3327 1076 3392 dominum
1101 3325 1302 3390 fundatorem

210 3439 307 3503 supra
330 3425 475 3488 eamdem
497 3425 656 3490 civitatem
673 3426 937 3508 dntverpiensem
961 3435 1115 3506 emptum,
1132 3424 1299 3488 cedentem

211 3523 348 3603 singulis
377 3524 482 3598 arinis,
514 3524 577 3588 vita
607 3525 683 3589 dieti
713 3527 835 3590 domini
865 3526 1114 3607 transportantis
1151 3525 1299 3596 durante,

212 3621 373 3686 mediatim
390 3622 578 3688 duodecima
592 3623 730 3706 januarii
743 3637 775 3690 et
790 3626 980 3691 duodecima
999 3625 1084 3706 iulii,
1099 3623 1187 3706 Juxta
1208 3633 1302 3687 teno-

212 3735 279 3784 rem
303 3720 466 3784 literarum
489 3721 574 3786 dicte
596 3723 734 3788 divitatis
756 3725 897 3805 desuper
919 3724 1135 3798 existentium,
1162 3722 1201 3786 de
1226 3721 1299 3784 data

211 3818 401 3885 duodecima
424 3819 495 3900 julii
520 3834 605 3887 anno
633 3824 759 3889 Domini
788 3839 839 3887 xvr
865 3823 1069 3906 sexagesimo
1100 3822 1215 3903 primo,
1244 3837 1300 3901 per

209 3917 330 3983 dietum
346 3922 521 4001 grapheum
539 3923 747 3988 secretarium
764 3925 962 4006 signatarum
984 3934 1015 3988 et
1032 3923 1138 4006 sigillo
1154 3920 1298 4002 ejusdem

208 4014 347 4082 civitatis
362 4019 608 4100 Antverpiensis
624 4023 816 4088 munitarum
833 4035 864 4088 et
880 4024 1089 4104 signatarum.

251 4113 330 4180 ltem
346 4117 451 4182 adhue
475 4134 572 4182 unum
588 4135 727 4186 annuum
751 4131 782 4186 et
804 4122 931 4188 vitalem
948 4121 1106 4186 redditum
1130 4121 1169 4185 st
1188 4119 1298 4186 consi·

212 4213 332 4279 milium
362 4215 559 4283 llorenorum
590 4219 798 4286 rhemensium
828 4223 896 4287 sive
926 4221 1040 4296 Caroli,
1073 4237 1131 4302 per
1159 4222 1296 4288 eundem
