3158 4952
751 441 936 507 -350-

296 629 469 710 dignentur
490 625 637 691 eumdem
654 623 772 688 habere
795 632 982 689 excusatum
1005 623 1045 687 ab
1063 623 1209 690 ulteriori
1234 626 1386 708 regentia,

295 736 327 791 et
343 725 512 805 prouidere
528 725 568 790 de
584 723 691 802 aliquo
710 722 826 786 idoneo
843 731 986 803 regente,
1002 722 1185 804 cujusmodi
1201 734 1277 790 sunt
1292 724 1387 789 etiam

295 826 350 904 [in]
376 825 448 905 ipso
470 821 648 906 pedagogio
673 821 820 886 Falconis
846 821 1043 901 complures,
1067 821 1216 887 uidelicet
1241 823 1328 889 docti
1356 835 1387 890 et

294 924 444 988 industrii
484 923 542 986 viri
574 921 725 985 dominus
751 928 782 985 et
810 920 963 1000 magister
988 919 1128 985 lacobus
1156 922 1317 987 laurentii
1343 923 1384 989 de

297 1023 453 1098 fraxinis,
470 1038 563 1086 sacre
588 1019 750 1099 theologie
774 1017 969 1089 licentiatus,
988 1017 1139 1098 magister
1160 1019 1299 1085 lacobus
1318 1021 1384 1084 Van

295 1123 356 1187 den
373 1122 502 1196 ferent,
521 1119 678 1185 medicine
694 1117 890 1192 licentiatus,
908 1117 1059 1181 dominus
1075 1126 1106 1182 ot
1123 1118 1274 1198 magister
1288 1119 1384 1184 loan-

297 1237 354 1286 nes
366 1220 625 1292 Buillemontius‚
644 1217 819 1282 modernus
836 1215 1028 1296 subrogans,
1046 1226 1079 1281 et
1094 1216 1204 1297 plures
1221 1217 1273 1280 alii
1290 1217 1385 1282 etiam

295 1321 327 1383 in
355 1317 580 1399 superioribus
607 1315 811 1381 facultatibus
838 1313 995 1396 graduali.
1034 1316 1125 1388 Aera,
1152 1315 1217 1388 Vll,
1247 1316 1302 1381 fol.
1328 1315 1388 1382 346

295 1419 405 1485 r0-3l'l
422 1429 461 1482 ν’.

338 1553 393 1616 flie
414 1549 546 1624 satiati,
565 1549 667 1630 primo
688 1548 804 1610 mensis
819 1547 904 1628 jurati
921 1546 1013 1622 1555,
1031 1545 1148 1612 indicta
1172 1547 1229 1612 fuit
1251 1563 1386 1629 congre-

293 1651 380 1733 gatio
394 1647 553 1714 facultatis
571 1646 611 1710 ad
625 1647 735 1710 noram
749 1644 905 1710 decimam
918 1644 958 1709 de
971 1661 1074 1722 mane,
1088 1645 1120 1708 in
1135 1645 1233 1710 rubea
1245 1663 1383 1712 camera.

296 1747 445 1829 Magister
469 1745 609 1809 lacobus
634 1743 795 1808 Laurentii
822 1743 862 1807 de
889 1742 1045 1818 fraxinis,
1074 1759 1190 1825 regens
1217 1743 1383 1826 pedagogii

293 1845 453 1918 falconis,
471 1852 603 1908 secutus
619 1858 811 1921 responsum
835 1858 933 1923 super
949 1842 1060 1908 eadem
1086 1859 1193 1922 repar
1213 1843 1385 1923 deputatos

293 1944 476 2011 ordinarios
497 1943 606 2007 datum
633 1950 685 2004 xx·
706 1941 816 2018 aprilis
840 1941 1016 2006 novissime
1039 1941 1194 2022 preteriti,
1220 1941 1382 2018 indicavit,

293 2046 378 2126 quod
406 2041 549 2124 regentia
578 2039 744 2120 pedagogii
774 2039 943 2116 Falconis,
971 2055 1066 2120 quam
1092 2057 1110 2104 a
1137 2038 1287 2106 facultate
1313 2058 1384 2106 sus-

294 2151 424 2222 ceperat
458 2138 704 2204 continuandam
741 2139 780 2201 ad
816 2137 958 2220 quinque
985 2154 1098 2212 annos,
1127 2139 1284 2218 expiraltit
1313 2139 1386 2221 xxij.

296 2240 417 2304 mensis
442 2236 586 2303 octobris
613 2235 757 2317 proxime
787 2237 903 2313 futuri,
936 2244 968 2302 et
994 2252 1031 2301 se
1058 2237 1138 2300 ultra
1166 2235 1285 2302 dictum
1302 2237 1384 2302 diem

296 2355 359 2403 non
386 2337 539 2402 statuisse
564 2335 698 2400 eandem
717 2333 893 2414 regentiam
910 2334 1112 2410 continuare,
1130 2349 1230 2415 agens
1246 2335 1384 2400 facultati

295 2437 427 2520 gratias,
444 2453 506 2516 que
534 2435 662 2515 dignata
685 2433 743 2497 fuit
762 2433 867 2513 ipsum
890 2434 929 2496 ad
957 2442 1080 2498 tantum
1103 2432 1244 2499 officium
1270 2435 1383 2500 admit-

296 2546 365 2603 tere
393 2545 425 2600 et
455 2535 486 2598 in
517 2534 571 2598 illo
601 2533 807 2609 coiitinuare,
840 2548 957 2614 rogans
992 2532 1068 2597 noni
1107 2534 1255 2598 consulat
1282 2533 1382 2614 ipsius

294 2635 527 2717 qualecumque
554 2631 731 2706 servitium,
756 2632 843 2713 quod
870 2632 1011 2696 facultati
1040 2643 1184 2713 prestare
1210 2634 1324 2714 poluit,
1352 2643 1383 2698 et

294 2735 444 2816 dignetur
459 2733 584 2814 aliquos
599 2733 754 2812 deputare
771 2748 828 2812 pro
841 2732 964 2796 lionorc
979 2748 1017 2796 ac
1032 2733 1202 2798 commodo
1216 2733 1382 2815 pedagogii

294 2842 325 2898 et
342 2833 502 2898 facultatis
517 2831 558 2896 de
573 2829 680 2911 aliquo
695 2830 780 2896 bono
796 2847 989 2896 successore
1005 2830 1197 2896 sufficiendo
1212 2831 1298 2896 circa
1314 2849 1383 2913 pre-

294 2933 415 2996 dictum
438 2930 523 2995 diem
546 2929 594 2994 rel
617 2929 713 2994 etiam
736 2939 820 3004 anto,
846 2929 873 2994 si
896 2929 1041 2995 videatur
1067 2930 1168 3012 magis
1192 2932 1380 3012 expediens.

294 3029 502 3112 Deinde,quia
519 3045 603 3094 anno
615 3029 775 3109 superiori
793 3046 850 3108 pro
863 3029 1033 3094 medietate
1049 3030 1260 3106 caminorum,
1275 3041 1307 3096 et
1323 3031 1383 3096 hoo

292 3147 377 3195 anno
401 3146 458 3210 pro
484 3137 538 3191 xx⁰
560 3127 693 3191 denario
715 3127 811 3191 solvit
836 3126 906 3208 xxvj
930 3144 1097 3202 reuersas,
1124 3129 1198 3193 licet
1225 3129 1382 3209 putaverit

291 3247 329 3294 ex
343 3235 510 3294 contractu
526 3225 607 3291 inito
629 3242 702 3289 cum
721 3225 868 3289 facultate
884 3227 923 3288 ad
940 3226 1003 3290 froc
1027 3242 1090 3290 non
1107 3227 1221 3302 teneri,
1238 3226 1296 3292 scd
1313 3226 1382 3294 foro

291 3327 427 3391 liberum
450 3342 467 3388 a
491 3324 588 3389 simili
604 3341 703 3388 onere
720 3323 919 3388 numerando
934 3339 1041 3388 annue
1064 3323 1097 3405 ijr
1121 3341 1288 3399 centenses,
1306 3343 1381 3407 sup·

292 3424 420 3506 plicavit
443 3423 616 3496 humiliter,
636 3431 669 3486 ut
687 3438 726 3486 ex
749 3421 849 3504 gralia
875 3422 1010 3486 facultas
1027 3423 1104 3487 velit
1126 3423 1232 3502 ipsum
1255 3425 1293 3488 ab
1316 3425 1380 3490 illis

290 3525 440 3598 liberare,
459 3521 671 3604 permittendo
694 3520 768 3585 illos
783 3521 899 3586 adduci
915 3520 947 3586 in
963 3520 1209 3588 defalcationem
1226 3521 1260 3604 ije
1284 3522 1378 3589 llore-

289 3640 415 3695 norum
428 3637 511 3703 quos
526 3619 656 3684 deflebit
672 3636 729 3700 pro
745 3619 871 3700 looagio
886 3620 960 3684 anni
979 3621 1152 3697 currentis,
1166 3630 1286 3687 alterata
1301 3623 1380 3688 cari·

289 3732 353 3788 tate
375 3737 502 3786 annone
524 3728 556 3783 et
579 3719 734 3783 oneribus
759 3718 883 3784 rioriter
901 3719 1073 3798 impositis,
1091 3737 1154 3801 que
1175 3719 1285 3802 gravia
1305 3731 1380 3788 sunt

289 3837 352 3886 non
379 3821 485 3885 solunt
512 3817 690 3898 incipienti,
715 3817 772 3884 sed
800 3827 832 3882 et
858 3817 1009 3884 omnibus
1036 3817 1378 3901 negentinnstpropter

209 3913 211 3918 ’
290 3936 434 4002 magnam
462 3915 611 3982 lautitiam
638 3915 784 3980 alendam
812 3925 844 3982 et
869 3915 1105 3984 multitudinem
1136 3933 1325 3999 pauperum,
1348 3929 1379 3984 et

290 4019 491 4098 potissimum
503 4015 634 4082 attentis
647 4015 771 4097 magnis
782 4015 921 4090 damnis,
935 4033 997 4096 que
1009 4017 1071 4082 froc
1086 4023 1154 4084 toto
1166 4017 1376 4098 quadriennio

289 4133 346 4196 per
360 4116 443 4182 nella
462 4132 518 4197 pre
533 4113 650 4182 ceteris
665 4123 797 4184 coactus
812 4123 862 4180 est
878 4114 1053 4182 sustinere.
1066 4115 1241 4197 Noocupit
1258 4124 1374 4192 mmai,

288 4224 321 4281 ut
337 4215 440 4298 ipsius
454 4230 550 4280 causa
567 4213 701 4279 facultas
716 4213 846 4295 aliquod
862 4212 1006 4294 iniquum
1023 4231 1107 4280 ortus
1123 4214 1215 4294 ferat,
1232 4216 1291 4282 sed
1314 4217 1375 4282 sibi
