3186 4942
781 461 966 526 —3t8-

327 643 438 710 diense
449 643 615 710 novembri
628 643 775 726 sequenti
788 643 825 708 R.
839 644 872 708 P.
887 642 1052 724 Wantper,
1065 643 1182 708 acriter
1193 642 1423 710 adversarium-

328 759 422 809 suum
453 760 602 824 carpens,
629 742 769 824 vulgavit
792 759 802 805 :
828 743 940 807 rtem
968 743 1010 806 od
1031 742 1248 824 Appendicem
1278 743 1415 808 thesibus

324 843 455 907 Louonii
474 843 676 922 propupuotis
698 841 749 904 die
770 841 788 904 8
810 842 933 921 uupusti
955 841 1035 904 true
1058 857 1265 904 optumum...
1283 841 1416 923 procide

325 941 364 1004 R.
392 941 430 1004 P.
463 939 662 1022 etampes...
690 941 819 1004 Lovonit'
848 941 880 1002 r'n
908 938 1032 1020 collepio
1061 939 1221 1003 societatis
1248 939 1336 1015 decu,
1367 941 1418 1004 dic

325 1038 365 1100 dd
376 1040 549 1103 novembris
566 1038 660 1114 lid&
679 1037 822 1112 ltovanii,
837 1037 920 1118 typis
934 1035 1069 1103 ioannis
1080 1037 1215 1110 Jacobs;
1233 1039 1317 1120 ipp.
1335 1039 1413 1102 in80.

365 1169 457 1234 Nulla
473 1185 562 1233 mora
580 1187 587 1228 :
605 1179 679 1233 ante
694 1168 849 1232 bimestre
864 1167 1009 1250 elapsum
1027 1168 1216 1248 prodierunt
1233 1187 1240 1226 :

365 1285 396 1348 d.
424 1286 535 1350 Thesea
550 1284 721 1364 theolopr'cae
740 1285 889 1365 depretia
910 1301 970 1364 per
990 1302 1024 1348 ae
1045 1284 1156 1363 efficaci
1171 1290 1200 1347 et
1219 1284 1412 1350 libertate...

322 1384 453 1466 prosim
465 1384 499 1446 F.
513 1383 648 1464 Jocepto
662 1382 838 1464 Moupia....
853 1383 994 1453 Louottr'i,
1009 1383 1040 1444 t'u
1055 1381 1159 1445 sonoro
1168 1385 1412 1463 Aupustiuionc,

323 1485 374 1546 die
389 1483 428 1546 20
444 1483 586 1562 jernuort'i
603 1482 698 1556 1753,
716 1481 859 1555 Lovaoii,
889 1482 972 1562 typis
1000 1481 1124 1544 Martini
1143 1481 1207 1546 Van
1235 1481 1414 1560 Ouerbeke,

324 1581 363 1646 68
387 1599 439 1663 pp.
465 1581 496 1644 in
519 1581 562 1645 8⁰.
589 1580 750 1645 «Rursus
773 1581 805 1642 in
828 1596 957 1644 arenam
980 1590 1091 1661 aperta
1118 1597 1197 1646 voce
1220 1580 1410 1661 compellor,

323 1680 426 1761 inquit
449 1678 622 1760 praefando
646 1689 770 1753 auctor,
789 1695 845 1758 per
867 1679 986 1744 editum
1014 1679 1174 1760 quoddam
1191 1680 1303 1744 folium
1325 1695 1411 1746 anno

327 1779 416 1854 tnta,
434 1788 465 1842 et
477 1778 516 1841 23
528 1778 712 1842 novembris
726 1778 801 1841 mihi
814 1778 1097 1843 communicatum.
1108 1779 1178 1842 Non
1194 1777 1412 1844 reformidabo

323 1885 497 1952 certamen,
519 1877 743 1958 interpellatus
765 1877 802 1942 tt.
826 1879 907 1958 patri
934 1878 1044 1953 adero,
1073 1887 1103 1943 et
1119 1894 1195 1942 ecce
1218 1879 1314 1942 citius
1331 1878 1413 1944 iorte

323 1975 449 2049 adsum,
465 1991 560 2058 quam
576 1976 823 2041 existimaverat.
848 1976 966 2042 Contra
988 1993 1210 2058 quoscumque
1233 1977 1335 2056 ipsius
1355 1992 1412 2042 oo·

325 2082 418 2138 natus
434 2073 567 2154 gratiam
584 2090 640 2154 per
656 2089 692 2138 se
707 2083 738 2138 et
750 2074 791 2138 ab
806 2074 983 2140 intrinseco
999 2073 1175 2150 efficacem,
1194 2075 1318 2139 favente
1331 2075 1410 2150 Deo,

324 2186 341 2234 a
357 2170 478 2235 calvini
493 2181 524 2235 et
538 2171 680 2236 iansenii
696 2173 861 2237 erroribus
876 2171 1057 2238 vindicabo.
1075 2173 1143 2238 lmo
1158 2173 1198 2237 ad
1214 2173 1409 2237 evidentiam

324 2270 667 2351 demonstrationum
691 2287 755 2334 non
778 2287 837 2352 ego
853 2271 986 2350 gratiam
1002 2271 1164 2337 efficacem
1188 2287 1408 2353 propugnans,

326 2369 381 2432 sed
406 2368 443 2431 R.
461 2368 496 2432 P.
514 2385 666 2434 asserens
689 2369 807 2433 dietam
830 2370 1022 2434 sententiam
1045 2387 1119 2436 esse
1142 2371 1244 2451 ipsam
1266 2369 1412 2434 Jansenii

325 2467 516 2543 doctrinam,
545 2467 735 2548 janseniano
771 2467 887 2543 errori,
919 2484 985 2532 non
1020 2479 1127 2533 mente
1162 2469 1304 2548 quidem,
1337 2484 1411 2532 nam

323 2565 503 2630 catholicus
518 2574 579 2640 est,
597 2565 654 2629 sed
671 2565 793 2646 scripto
815 2566 930 2642 faveat,
947 2575 978 2632 et
993 2567 1124 2648 quidem
1145 2568 1226 2632 adeo
1243 2567 1357 2640 faveat.
1376 2576 1411 2632 ut

324 2663 509 2729 necessario
533 2665 668 2744 patrnam
695 2665 773 2730 dare
795 2665 909 2730 debeat
931 2665 1133 2747 jansenistis,
1158 2667 1207 2731 vei
1234 2675 1409 2730 retractare

323 2763 409 2844 quod
432 2763 582 2840 sustinet,
599 2773 630 2828 et
648 2779 771 2829 mecum
795 2763 903 2828 dicere
918 2763 1005 2828 aliud
1028 2764 1347 2830 docereiansenium
1369 2763 1413 2829 de

322 2861 424 2943 gratia
440 2871 471 2927 et
486 2861 644 2936 libertate,
659 2878 754 2943 quam
769 2863 855 2944 quod
870 2863 1037 2928 docemus.
1050 2863 1180 2928 interim
1198 2865 1329 2928 nimiunn
1345 2865 1411 2928 ies·

325 2962 412 3026 tinus
434 2961 491 3025 iuit
507 2961 545 3024 R.
563 2961 612 3035 P„
629 2961 705 3026 dum
728 2962 759 3025 in
776 2962 861 3027 dicto
877 2961 955 3027 ioiio
971 2962 1048 3026 mihi
1068 2962 1307 3044 improperavit,
1325 2963 1413 3044 quod

324 3059 364 3123 ad
380 3075 430 3134 ea,
447 3075 529 3141 quae
551 3059 582 3123 in
602 3077 660 3124 sua
682 3059 778 3125 Thesi
803 3071 966 3141 posuerat,
986 3077 1050 3125 non
1074 3062 1328 3142 respondissem.
1348 3060 1413 3125 Pro

323 3158 470 3239 angustia
501 3158 668 3238 temporis,
696 3158 781 3240 quod
811 3159 981 3223 admodum
1019 3159 1117 3224 breve
1154 3160 1223 3235 t'uit,
1256 3158 1413 3240 respondi

322 3257 408 3338 quod
424 3265 493 3322 erat
508 3257 599 3332 satis,
618 3265 651 3321 ut
667 3258 801 3338 quosvis
823 3257 1050 3324 convincerem
1068 3258 1233 3323 conforme
1256 3274 1321 3322 non
1337 3274 1414 3324 esse

322 3355 500 3438 Augustino
517 3356 700 3438 ceterisque
716 3356 861 3437 patribus
873 3357 1009 3422 Molinae
1025 3359 1200 3438 systuema,
1218 3358 1304 3438 quod
1321 3358 1359 3422 tt.
1373 3357 1408 3420 P.

323 3453 589 3538 propugnandum
620 3457 775 3536 suscepit,
803 3455 948 3536 adeoque
977 3456 1173 3520 contractam
1203 3473 1288 3530 esse,
1319 3455 1411 3535 peni·

322 3565 440 3634 tusque
450 3553 619 3618 contritam
633 3562 731 3618 totam
747 3555 908 3636 ingentem
925 3554 995 3636 ejus
1009 3555 1200 3620 machinam.
1219 3554 1286 3619 Hoc
1302 3565 1410 3619 autern

323 3652 437 3717 merito
459 3651 568 3717 dicere
591 3652 691 3733 potui,
709 3652 804 3718 etiam
827 3663 997 3733 antequam
1021 3653 1089 3734 eius
1112 3661 1299 3734 argumenta
1321 3653 1410 3734 sigil-

320 3750 409 3816 latim
438 3751 678 3828 dissotvissem;
713 3751 807 3816 sicuti
846 3752 959 3817 merito
996 3751 1133 3816 dicimus
1166 3752 1264 3832 quod,
1297 3751 1406 3817 diruto

320 3849 458 3916 aedificii
490 3849 708 3925 fundamento,
738 3859 838 3916 totum
868 3850 1051 3916 aediticium
1079 3851 1279 3914 contractum
1308 3849 1350 3915 sit
1376 3857 1409 3914 et

320 3951 506 4022 contritum,
524 3949 650 4014 tametsi
663 3949 838 4031 Jaoentium
855 3967 1020 4015 murorum
1035 3950 1159 4032 lapides
1177 3967 1241 4015 non
1257 3950 1323 4014 sint
1338 3966 1356 4014 a
1370 3966 1408 4014 se

320 4049 456 4114 invicem
479 4047 628 4129 separati.
658 4047 697 4112 Ut
722 4049 784 4114 hoo
810 4049 959 4124 t'acerem,
985 4049 1057 4130 plus
1084 4049 1239 4130 temporis
1267 4048 1409 4129 require·

320 4149 425 4220 batur,
453 4146 681 4228 debuissetque
707 4147 745 4210 R.
774 4149 822 4228 P„
849 4157 1018 4229 autequam
1046 4147 1124 4211 mitri
1151 4147 1406 4228 improperasset
