<?xml version="1.0" encoding="UTF-8"?>
<!DOCTYPE html PUBLIC "-//W3C//DTD XHTML 1.0 Transitional//EN"
    "http://www.w3.org/TR/xhtml1/DTD/xhtml1-transitional.dtd">
<html xmlns="http://www.w3.org/1999/xhtml" xml:lang="en" lang="en">
 <head>
  <title>
</title>
<meta http-equiv="Content-Type" content="text/html;charset=utf-8" />
  <meta name='ocr-system' content='tesseract 3.04.00' />
  <meta name='ocr-capabilities' content='ocr_page ocr_carea ocr_par ocr_line ocrx_word'/>
</head>
<body>
  <div class='ocr_page' id='page_1' title='image "./documentsrelati01reusgoog/documentsrelati01reusgoog_0898.png"; bbox 0 0 3186 4942; ppageno 0'>
   <div class='ocr_carea' id='block_1_1' title="bbox 712 435 899 503">
    <p class='ocr_par' dir='ltr' id='par_1_1' title="bbox 712 435 899 503">
     <span class='ocr_line' id='line_1_1' title="bbox 712 435 899 503; baseline -0.011 0"><span class='ocrx_word' id='word_1_1' title='bbox 712 435 899 503; x_wconf 80' lang='lat' dir='ltr'>-ear-</span> 
     </span>
    </p>
   </div>
   <div class='ocr_carea' id='block_1_2' title="bbox 164 616 1397 3670">
    <p class='ocr_par' dir='ltr' id='par_1_2' title="bbox 164 616 1397 2366">
     <span class='ocr_line' id='line_1_2' title="bbox 259 616 1348 702; baseline 0.003 -19"><span class='ocrx_word' id='word_1_2' title='bbox 259 617 347 698; x_wconf 82' lang='lat' dir='ltr'>nagia</span> <span class='ocrx_word' id='word_1_3' title='bbox 373 616 540 683; x_wconf 85' lang='lat' dir='ltr'>exhibens.</span> <span class='ocrx_word' id='word_1_4' title='bbox 570 618 627 684; x_wconf 91' lang='lat' dir='ltr'>llis</span> <span class='ocrx_word' id='word_1_5' title='bbox 652 619 696 684; x_wconf 89' lang='lat' dir='ltr'>ibi</span> <span class='ocrx_word' id='word_1_6' title='bbox 721 621 860 702; x_wconf 77' lang='lat' dir='ltr'><strong>peractis</strong></span> <span class='ocrx_word' id='word_1_7' title='bbox 886 621 1016 697; x_wconf 91' lang='lat' dir='ltr'>studiis,</span> <span class='ocrx_word' id='word_1_8' title='bbox 1042 629 1148 688; x_wconf 91' lang='lat' dir='ltr'>mente</span> <span class='ocrx_word' id='word_1_9' title='bbox 1174 621 1348 688; x_wconf 84' lang='lat' dir='ltr'>revolveos</span> 
     </span>
     <span class='ocr_line' id='line_1_3' title="bbox 258 715 1350 803; baseline 0.004 -24"><span class='ocrx_word' id='word_1_10' title='bbox 258 715 338 780; x_wconf 94' lang='lat' dir='ltr'>illud</span> <span class='ocrx_word' id='word_1_11' title='bbox 354 717 458 782; x_wconf 86' lang='lat' dir='ltr'>sancti</span> <span class='ocrx_word' id='word_1_12' title='bbox 473 718 607 783; x_wconf 84' lang='lat' dir='ltr'>loannis</span> <span class='ocrx_word' id='word_1_13' title='bbox 619 719 774 786; x_wconf 87' lang='lat' dir='ltr'>monitum</span> <span class='ocrx_word' id='word_1_14' title='bbox 791 739 799 780; x_wconf 80' lang='lat' dir='ltr'>t</span> <span class='ocrx_word' id='word_1_15' title='bbox 823 722 927 786; x_wconf 84' lang='lat' dir='ltr'>Nolite</span> <span class='ocrx_word' id='word_1_16' title='bbox 941 723 1067 803; x_wconf 77' lang='lat' dir='ltr'>diligere</span> <span class='ocrx_word' id='word_1_17' title='bbox 1081 722 1229 786; x_wconf 85' lang='lat' dir='ltr'>mundum</span> <span class='ocrx_word' id='word_1_18' title='bbox 1248 738 1350 802; x_wconf 79' lang='lat' dir='ltr'>neque</span> 
     </span>
     <span class='ocr_line' id='line_1_4' title="bbox 258 817 1347 901; baseline 0.003 -22"><span class='ocrx_word' id='word_1_19' title='bbox 258 833 295 879; x_wconf 84' lang='lat' dir='ltr'>cc</span> <span class='ocrx_word' id='word_1_20' title='bbox 320 833 399 897; x_wconf 82' lang='lat' dir='ltr'>punc</span> <span class='ocrx_word' id='word_1_21' title='bbox 423 818 456 879; x_wconf 85' lang='lat' dir='ltr'>in</span> <span class='ocrx_word' id='word_1_22' title='bbox 481 817 595 881; x_wconf 83' lang='lat' dir='ltr'>mundo</span> <span class='ocrx_word' id='word_1_23' title='bbox 620 825 706 895; x_wconf 83' lang='lat' dir='ltr'>sunt,</span> <span class='ocrx_word' id='word_1_24' title='bbox 725 819 856 884; x_wconf 90' lang='lat' dir='ltr'>saeculo</span> <span class='ocrx_word' id='word_1_25' title='bbox 878 819 954 885; x_wconf 90' lang='lat' dir='ltr'>huic</span> <span class='ocrx_word' id='word_1_26' title='bbox 972 819 1167 901; x_wconf 86' lang='lat' dir='ltr'>procelloso,</span> <span class='ocrx_word' id='word_1_27' title='bbox 1184 818 1236 884; x_wconf 94' lang='lat' dir='ltr'>cui</span> <span class='ocrx_word' id='word_1_28' title='bbox 1259 835 1347 883; x_wconf 89' lang='lat' dir='ltr'>num·</span> 
     </span>
     <span class='ocr_line' id='line_1_5' title="bbox 257 914 1345 1000; baseline 0.001 -20"><span class='ocrx_word' id='word_1_29' title='bbox 257 930 352 997; x_wconf 84' lang='lat' dir='ltr'>quam</span> <span class='ocrx_word' id='word_1_30' title='bbox 365 914 463 980; x_wconf 88' lang='lat' dir='ltr'>corde</span> <span class='ocrx_word' id='word_1_31' title='bbox 475 915 880 993; x_wconf 77' lang='lat' dir='ltr'>adhaeseratrenuntians,</span> <span class='ocrx_word' id='word_1_32' title='bbox 890 917 1019 1000; x_wconf 89' lang='lat' dir='ltr'>saepius</span> <span class='ocrx_word' id='word_1_33' title='bbox 1031 918 1205 999; x_wconf 79' lang='lat' dir='ltr'>expetitum</span> <span class='ocrx_word' id='word_1_34' title='bbox 1221 919 1345 997; x_wconf 80' lang='lat' dir='ltr'>hugus-</span> 
     </span>
     <span class='ocr_line' id='line_1_6' title="bbox 260 1013 1347 1098; baseline 0 -19"><span class='ocrx_word' id='word_1_35' title='bbox 260 1013 455 1079; x_wconf 91' lang='lat' dir='ltr'>tinianorum</span> <span class='ocrx_word' id='word_1_36' title='bbox 471 1014 629 1089; x_wconf 88' lang='lat' dir='ltr'>ordinem,</span> <span class='ocrx_word' id='word_1_37' title='bbox 647 1025 798 1098; x_wconf 81' lang='lat' dir='ltr'><strong>tanquam</strong></span> <span class='ocrx_word' id='word_1_38' title='bbox 821 1033 900 1082; x_wconf 87' lang='lat' dir='ltr'>suae</span> <span class='ocrx_word' id='word_1_39' title='bbox 916 1017 1119 1083; x_wconf 83' lang='lat' dir='ltr'>innocentiae</span> <span class='ocrx_word' id='word_1_40' title='bbox 1141 1016 1347 1097; x_wconf 85' lang='lat' dir='ltr'>tranquillum</span> 
     </span>
     <span class='ocr_line' id='line_1_7' title="bbox 260 1111 1347 1197; baseline -0.001 -19"><span class='ocrx_word' id='word_1_41' title='bbox 260 1111 397 1193; x_wconf 82' lang='lat' dir='ltr'>asylum,</span> <span class='ocrx_word' id='word_1_42' title='bbox 415 1128 500 1177; x_wconf 88' lang='lat' dir='ltr'>anno</span> <span class='ocrx_word' id='word_1_43' title='bbox 515 1114 628 1178; x_wconf 90' lang='lat' dir='ltr'>aetatis</span> <span class='ocrx_word' id='word_1_44' title='bbox 646 1114 697 1178; x_wconf 80' lang='grc' dir='ltr'>18ο</span> <span class='ocrx_word' id='word_1_45' title='bbox 716 1115 839 1180; x_wconf 89' lang='lat' dir='ltr'>Bovinii</span> <span class='ocrx_word' id='word_1_46' title='bbox 856 1115 1045 1197; x_wconf 84' lang='lat' dir='ltr'>ingreditur,</span> <span class='ocrx_word' id='word_1_47' title='bbox 1062 1123 1094 1180; x_wconf 91' lang='lat' dir='ltr'>et</span> <span class='ocrx_word' id='word_1_48' title='bbox 1110 1113 1300 1180; x_wconf 86' lang='lat' dir='ltr'>liechliniae</span> <span class='ocrx_word' id='word_1_49' title='bbox 1314 1114 1347 1177; x_wconf 92' lang='lat' dir='ltr'>in</span> 
     </span>
     <span class='ocr_line' id='line_1_8' title="bbox 259 1211 1348 1295; baseline 0.001 -19"><span class='ocrx_word' id='word_1_50' title='bbox 259 1220 420 1276; x_wconf 88' lang='lat' dir='ltr'>conventu</span> <span class='ocrx_word' id='word_1_51' title='bbox 435 1213 623 1278; x_wconf 90' lang='lat' dir='ltr'>eurumdem</span> <span class='ocrx_word' id='word_1_52' title='bbox 640 1222 766 1295; x_wconf 89' lang='lat' dir='ltr'>patrum</span> <span class='ocrx_word' id='word_1_53' title='bbox 789 1213 919 1278; x_wconf 86' lang='lat' dir='ltr'>novitiis</span> <span class='ocrx_word' id='word_1_54' title='bbox 933 1215 1124 1280; x_wconf 87' lang='lat' dir='ltr'>associatur.</span> <span class='ocrx_word' id='word_1_55' title='bbox 1142 1213 1212 1278; x_wconf 92' lang='lat' dir='ltr'>lllic</span> <span class='ocrx_word' id='word_1_56' title='bbox 1227 1211 1348 1278; x_wconf 82' lang='lat' dir='ltr'>fervida</span> 
     </span>
     <span class='ocr_line' id='line_1_9' title="bbox 259 1310 1348 1396; baseline 0 -22"><span class='ocrx_word' id='word_1_57' title='bbox 259 1310 390 1391; x_wconf 85' lang='lat' dir='ltr'>regulae</span> <span class='ocrx_word' id='word_1_58' title='bbox 422 1319 455 1376; x_wconf 92' lang='lat' dir='ltr'>et</span> <span class='ocrx_word' id='word_1_59' title='bbox 491 1312 757 1378; x_wconf 80' lang='lat' dir='ltr'>constitutionum</span> <span class='ocrx_word' id='word_1_60' title='bbox 790 1314 994 1380; x_wconf 86' lang='lat' dir='ltr'>observantia</span> <span class='ocrx_word' id='word_1_61' title='bbox 1027 1312 1177 1396; x_wconf 81' lang='lat' dir='ltr'>tyrocinii</span> <span class='ocrx_word' id='word_1_62' title='bbox 1208 1311 1348 1378; x_wconf 84' lang='lat' dir='ltr'>stadium</span> 
     </span>
     <span class='ocr_line' id='line_1_10' title="bbox 261 1409 1347 1493; baseline 0.001 -19"><span class='ocrx_word' id='word_1_63' title='bbox 261 1410 451 1488; x_wconf 88' lang='lat' dir='ltr'>decurrens,</span> <span class='ocrx_word' id='word_1_64' title='bbox 479 1410 522 1475; x_wconf 90' lang='lat' dir='ltr'>ita</span> <span class='ocrx_word' id='word_1_65' title='bbox 548 1411 656 1478; x_wconf 86' lang='lat' dir='ltr'>virere</span> <span class='ocrx_word' id='word_1_66' title='bbox 682 1411 803 1488; x_wconf 87' lang='lat' dir='ltr'>didicit,</span> <span class='ocrx_word' id='word_1_67' title='bbox 833 1411 877 1477; x_wconf 92' lang='lat' dir='ltr'>uti</span> <span class='ocrx_word' id='word_1_68' title='bbox 909 1421 1021 1493; x_wconf 88' lang='lat' dir='ltr'>postea</span> <span class='ocrx_word' id='word_1_69' title='bbox 1047 1428 1176 1492; x_wconf 87' lang='lat' dir='ltr'>semper</span> <span class='ocrx_word' id='word_1_70' title='bbox 1201 1410 1279 1474; x_wconf 82' lang='lat' dir='ltr'>vixit</span> <span class='ocrx_word' id='word_1_71' title='bbox 1307 1409 1347 1475; x_wconf 86' lang='lat' dir='ltr'>ad</span> 
     </span>
     <span class='ocr_line' id='line_1_11' title="bbox 263 1507 1349 1592; baseline -0.002 -18"><span class='ocrx_word' id='word_1_72' title='bbox 263 1507 406 1574; x_wconf 91' lang='lat' dir='ltr'>ultimam</span> <span class='ocrx_word' id='word_1_73' title='bbox 434 1527 536 1592; x_wconf 86' lang='lat' dir='ltr'>usque</span> <span class='ocrx_word' id='word_1_74' title='bbox 562 1519 737 1588; x_wconf 86' lang='lat' dir='ltr'>senectam,</span> <span class='ocrx_word' id='word_1_75' title='bbox 771 1511 876 1576; x_wconf 88' lang='lat' dir='ltr'>instar</span> <span class='ocrx_word' id='word_1_76' title='bbox 905 1511 1004 1577; x_wconf 88' lang='lat' dir='ltr'>zelosi</span> <span class='ocrx_word' id='word_1_77' title='bbox 1034 1509 1158 1586; x_wconf 90' lang='lat' dir='ltr'>novitii,</span> <span class='ocrx_word' id='word_1_78' title='bbox 1191 1507 1349 1592; x_wconf 88' lang='lat' dir='ltr'>regularis</span> 
     </span>
     <span class='ocr_line' id='line_1_12' title="bbox 261 1607 785 1689; baseline 0 -17"><span class='ocrx_word' id='word_1_79' title='bbox 261 1607 451 1689; x_wconf 89' lang='lat' dir='ltr'>disciplinae</span> <span class='ocrx_word' id='word_1_80' title='bbox 467 1609 785 1675; x_wconf 90' lang='lat' dir='ltr'>observantissimus.</span> 
     </span>
     <span class='ocr_line' id='line_1_13' title="bbox 164 1698 1348 1788; baseline 0.005 -22"><span class='ocrx_word' id='word_1_81' title='bbox 164 1781 168 1788; x_wconf 21' lang='grc' dir='ltr'>ι</span> <span class='ocrx_word' id='word_1_82' title='bbox 303 1705 539 1773; x_wconf 76' lang='lat' dir='ltr'>»solemnibus</span> <span class='ocrx_word' id='word_1_83' title='bbox 551 1709 681 1774; x_wconf 90' lang='lat' dir='ltr'>emissis</span> <span class='ocrx_word' id='word_1_84' title='bbox 697 1698 791 1782; x_wconf 88' lang='lat' dir='ltr'>votis,</span> <span class='ocrx_word' id='word_1_85' title='bbox 808 1708 973 1774; x_wconf 80' lang='lat' dir='ltr'>bruxellas</span> <span class='ocrx_word' id='word_1_86' title='bbox 985 1709 1024 1774; x_wconf 91' lang='lat' dir='ltr'>ad</span> <span class='ocrx_word' id='word_1_87' title='bbox 1038 1707 1188 1774; x_wconf 84' lang='lat' dir='ltr'>biennem</span> <span class='ocrx_word' id='word_1_88' title='bbox 1203 1705 1348 1788; x_wconf 88' lang='lat' dir='ltr'>philoso-</span> 
     </span>
     <span class='ocr_line' id='line_1_14' title="bbox 258 1805 1347 1890; baseline 0 -21"><span class='ocrx_word' id='word_1_89' title='bbox 258 1805 354 1888; x_wconf 87' lang='lat' dir='ltr'>phiae</span> <span class='ocrx_word' id='word_1_90' title='bbox 365 1823 496 1870; x_wconf 90' lang='lat' dir='ltr'>cursum</span> <span class='ocrx_word' id='word_1_91' title='bbox 510 1807 654 1886; x_wconf 77' lang='lat' dir='ltr'>mittitur,</span> <span class='ocrx_word' id='word_1_92' title='bbox 670 1809 744 1873; x_wconf 92' lang='lat' dir='ltr'>inde</span> <span class='ocrx_word' id='word_1_93' title='bbox 756 1807 963 1890; x_wconf 81' lang='lat' dir='ltr'>hotverpiam</span> <span class='ocrx_word' id='word_1_94' title='bbox 978 1808 1017 1872; x_wconf 89' lang='lat' dir='ltr'>ad</span> <span class='ocrx_word' id='word_1_95' title='bbox 1031 1806 1225 1888; x_wconf 81' lang='lat' dir='ltr'>theologiam</span> <span class='ocrx_word' id='word_1_96' title='bbox 1240 1821 1347 1870; x_wconf 87' lang='lat' dir='ltr'>mora·</span> 
     </span>
     <span class='ocr_line' id='line_1_15' title="bbox 259 1905 1349 1987; baseline 0 -19"><span class='ocrx_word' id='word_1_97' title='bbox 259 1905 336 1980; x_wconf 90' lang='lat' dir='ltr'>lem,</span> <span class='ocrx_word' id='word_1_98' title='bbox 354 1915 386 1970; x_wconf 91' lang='lat' dir='ltr'>et</span> <span class='ocrx_word' id='word_1_99' title='bbox 400 1905 528 1970; x_wconf 92' lang='lat' dir='ltr'>demum</span> <span class='ocrx_word' id='word_1_100' title='bbox 552 1907 682 1973; x_wconf 79' lang='lat' dir='ltr'>lovanii</span> <span class='ocrx_word' id='word_1_101' title='bbox 703 1909 743 1972; x_wconf 88' lang='lat' dir='ltr'>ad</span> <span class='ocrx_word' id='word_1_102' title='bbox 768 1909 961 1973; x_wconf 87' lang='lat' dir='ltr'>universam.</span> <span class='ocrx_word' id='word_1_103' title='bbox 987 1906 1075 1972; x_wconf 88' lang='lat' dir='ltr'>liano</span> <span class='ocrx_word' id='word_1_104' title='bbox 1090 1905 1293 1987; x_wconf 84' lang='lat' dir='ltr'>disciplinam</span> <span class='ocrx_word' id='word_1_105' title='bbox 1309 1919 1349 1968; x_wconf 85' lang='lat' dir='ltr'>ex</span> 
     </span>
     <span class='ocr_line' id='line_1_16' title="bbox 260 2002 1349 2088; baseline 0.001 -21"><span class='ocrx_word' id='word_1_106' title='bbox 260 2002 395 2084; x_wconf 92' lang='lat' dir='ltr'>limpido</span> <span class='ocrx_word' id='word_1_107' title='bbox 420 2003 653 2087; x_wconf 82' lang='lat' dir='ltr'>Augustiuiano</span> <span class='ocrx_word' id='word_1_108' title='bbox 680 2007 768 2072; x_wconf 87' lang='lat' dir='ltr'>lente</span> <span class='ocrx_word' id='word_1_109' title='bbox 793 2017 856 2072; x_wconf 88' lang='lat' dir='ltr'>tam</span> <span class='ocrx_word' id='word_1_110' title='bbox 886 2007 1020 2088; x_wconf 83' lang='lat' dir='ltr'>copiose</span> <span class='ocrx_word' id='word_1_111' title='bbox 1045 2021 1171 2070; x_wconf 87' lang='lat' dir='ltr'>summa</span> <span class='ocrx_word' id='word_1_112' title='bbox 1197 2002 1349 2069; x_wconf 87' lang='lat' dir='ltr'>aviditate</span> 
     </span>
     <span class='ocr_line' id='line_1_17' title="bbox 261 2091 1397 2187; baseline 0.002 -21"><span class='ocrx_word' id='word_1_113' title='bbox 261 2103 380 2178; x_wconf 93' lang='lat' dir='ltr'>hausit,</span> <span class='ocrx_word' id='word_1_114' title='bbox 410 2113 443 2168; x_wconf 92' lang='lat' dir='ltr'>ut</span> <span class='ocrx_word' id='word_1_115' title='bbox 468 2104 506 2168; x_wconf 89' lang='lat' dir='ltr'>ad</span> <span class='ocrx_word' id='word_1_116' title='bbox 534 2116 699 2187; x_wconf 80' lang='lat' dir='ltr'>stuporem</span> <span class='ocrx_word' id='word_1_117' title='bbox 725 2107 868 2173; x_wconf 92' lang='lat' dir='ltr'>omnium</span> <span class='ocrx_word' id='word_1_118' title='bbox 894 2107 927 2171; x_wconf 94' lang='lat' dir='ltr'>in</span> <span class='ocrx_word' id='word_1_119' title='bbox 954 2105 1065 2171; x_wconf 88' lang='lat' dir='ltr'>schola</span> <span class='ocrx_word' id='word_1_120' title='bbox 1091 2103 1216 2168; x_wconf 92' lang='lat' dir='ltr'>ordinis</span> <span class='ocrx_word' id='word_1_121' title='bbox 1239 2101 1349 2168; x_wconf 87' lang='lat' dir='ltr'>theses</span> <span class='ocrx_word' id='word_1_122' title='bbox 1392 2091 1397 2100; x_wconf 83' lang='lat'>&#39;</span> 
     </span>
     <span class='ocr_line' id='line_1_18' title="bbox 261 2201 1349 2288; baseline -0.002 -22"><span class='ocrx_word' id='word_1_123' title='bbox 261 2201 406 2285; x_wconf 91' lang='lat' dir='ltr'>publicas</span> <span class='ocrx_word' id='word_1_124' title='bbox 433 2204 681 2285; x_wconf 86' lang='lat' dir='ltr'>propugnandas</span> <span class='ocrx_word' id='word_1_125' title='bbox 707 2205 862 2288; x_wconf 76' lang='lat' dir='ltr'>singulari</span> <span class='ocrx_word' id='word_1_126' title='bbox 886 2205 1077 2271; x_wconf 85' lang='lat' dir='ltr'>dexteritate</span> <span class='ocrx_word' id='word_1_127' title='bbox 1098 2203 1228 2284; x_wconf 86' lang='lat' dir='ltr'>saepius</span> <span class='ocrx_word' id='word_1_128' title='bbox 1250 2201 1349 2268; x_wconf 90' lang='lat' dir='ltr'>susti·</span> 
     </span>
     <span class='ocr_line' id='line_1_19' title="bbox 262 2301 381 2366; baseline -0.008 -1"><span class='ocrx_word' id='word_1_129' title='bbox 262 2301 381 2366; x_wconf 88' lang='lat' dir='ltr'>puerit.</span> 
     </span>
    </p>

    <p class='ocr_par' dir='ltr' id='par_1_3' title="bbox 251 2398 1349 3670">
     <span class='ocr_line' id='line_1_20' title="bbox 307 2398 1347 2484; baseline 0.003 -22"><span class='ocrx_word' id='word_1_130' title='bbox 307 2424 320 2462; x_wconf 80' lang='grc' dir='ltr'><strong>ι</strong></span> <span class='ocrx_word' id='word_1_131' title='bbox 335 2401 439 2467; x_wconf 80' lang='lat' dir='ltr'>Finito</span> <span class='ocrx_word' id='word_1_132' title='bbox 450 2403 795 2478; x_wconf 88' lang='lat' dir='ltr'>cursu,humaniorum</span> <span class='ocrx_word' id='word_1_133' title='bbox 808 2403 975 2484; x_wconf 90' lang='lat' dir='ltr'>prolessor</span> <span class='ocrx_word' id='word_1_134' title='bbox 987 2403 1038 2482; x_wconf 87' lang='lat' dir='ltr'>(de</span> <span class='ocrx_word' id='word_1_135' title='bbox 1050 2417 1140 2466; x_wconf 92' lang='lat' dir='ltr'>more</span> <span class='ocrx_word' id='word_1_136' title='bbox 1153 2398 1347 2480; x_wconf 78' lang='lat' dir='ltr'>provinciae)</span> 
     </span>
     <span class='ocr_line' id='line_1_21' title="bbox 257 2497 1349 2583; baseline -0.001 -19"><span class='ocrx_word' id='word_1_137' title='bbox 257 2499 295 2564; x_wconf 90' lang='lat' dir='ltr'>in</span> <span class='ocrx_word' id='word_1_138' title='bbox 324 2499 462 2582; x_wconf 89' lang='lat' dir='ltr'>collegio</span> <span class='ocrx_word' id='word_1_139' title='bbox 491 2500 675 2567; x_wconf 88' lang='lat' dir='ltr'>Binehiensi</span> <span class='ocrx_word' id='word_1_140' title='bbox 705 2502 933 2578; x_wconf 87' lang='lat' dir='ltr'>constituitur;</span> <span class='ocrx_word' id='word_1_141' title='bbox 960 2502 992 2564; x_wconf 95' lang='lat' dir='ltr'>in</span> <span class='ocrx_word' id='word_1_142' title='bbox 1022 2517 1086 2583; x_wconf 89' lang='lat' dir='ltr'>quo</span> <span class='ocrx_word' id='word_1_143' title='bbox 1116 2509 1180 2564; x_wconf 85' lang='lat' dir='ltr'>tem</span> <span class='ocrx_word' id='word_1_144' title='bbox 1208 2497 1291 2564; x_wconf 80' lang='lat' dir='ltr'>facili</span> <span class='ocrx_word' id='word_1_145' title='bbox 1316 2507 1349 2564; x_wconf 91' lang='lat' dir='ltr'>et</span> 
     </span>
     <span class='ocr_line' id='line_1_22' title="bbox 251 2596 1348 2682; baseline -0.004 -18"><span class='ocrx_word' id='word_1_146' title='bbox 251 2600 426 2682; x_wconf 87' lang='lat' dir='ltr'>praeclara</span> <span class='ocrx_word' id='word_1_147' title='bbox 450 2601 601 2665; x_wconf 83' lang='lat' dir='ltr'>methodo</span> <span class='ocrx_word' id='word_1_148' title='bbox 624 2618 702 2666; x_wconf 90' lang='lat' dir='ltr'>suos</span> <span class='ocrx_word' id='word_1_149' title='bbox 723 2601 901 2674; x_wconf 88' lang='lat' dir='ltr'>erudiebat,</span> <span class='ocrx_word' id='word_1_150' title='bbox 924 2609 958 2666; x_wconf 90' lang='lat' dir='ltr'>ut</span> <span class='ocrx_word' id='word_1_151' title='bbox 972 2617 990 2666; x_wconf 87' lang='lat' dir='ltr'>a</span> <span class='ocrx_word' id='word_1_152' title='bbox 1005 2599 1132 2666; x_wconf 90' lang='lat' dir='ltr'>cunctis</span> <span class='ocrx_word' id='word_1_153' title='bbox 1147 2598 1239 2664; x_wconf 86' lang='lat' dir='ltr'>avide</span> <span class='ocrx_word' id='word_1_154' title='bbox 1254 2596 1348 2662; x_wconf 88' lang='lat' dir='ltr'>eudi-</span> 
     </span>
     <span class='ocr_line' id='line_1_23' title="bbox 258 2697 1347 2778; baseline -0.002 -15"><span class='ocrx_word' id='word_1_155' title='bbox 258 2707 352 2764; x_wconf 88' lang='lat' dir='ltr'>retur</span> <span class='ocrx_word' id='word_1_156' title='bbox 380 2706 412 2762; x_wconf 93' lang='lat' dir='ltr'>et</span> <span class='ocrx_word' id='word_1_157' title='bbox 439 2709 613 2764; x_wconf 85' lang='lat' dir='ltr'>amaretur.</span> <span class='ocrx_word' id='word_1_158' title='bbox 643 2700 738 2764; x_wconf 81' lang='lat' dir='ltr'>Anno</span> <span class='ocrx_word' id='word_1_159' title='bbox 767 2699 847 2764; x_wconf 68' lang='lat' dir='ltr'>llil</span> <span class='ocrx_word' id='word_1_160' title='bbox 877 2698 1060 2764; x_wconf 89' lang='lat' dir='ltr'>sacerdotio</span> <span class='ocrx_word' id='word_1_161' title='bbox 1089 2697 1254 2772; x_wconf 91' lang='lat' dir='ltr'>initiatur;</span> <span class='ocrx_word' id='word_1_162' title='bbox 1285 2710 1347 2778; x_wconf 85' lang='lat' dir='ltr'>qua</span> 
     </span>
     <span class='ocr_line' id='line_1_24' title="bbox 259 2794 1348 2880; baseline -0.006 -16"><span class='ocrx_word' id='word_1_163' title='bbox 259 2797 417 2880; x_wconf 72' lang='lat' dir='ltr'>&#39;dignitate</span> <span class='ocrx_word' id='word_1_164' title='bbox 428 2809 553 2873; x_wconf 88' lang='lat' dir='ltr'>auctus,</span> <span class='ocrx_word' id='word_1_165' title='bbox 568 2798 670 2864; x_wconf 90' lang='lat' dir='ltr'>crevit</span> <span class='ocrx_word' id='word_1_166' title='bbox 685 2809 717 2865; x_wconf 92' lang='lat' dir='ltr'>et</span> <span class='ocrx_word' id='word_1_167' title='bbox 730 2794 858 2879; x_wconf 84' lang='lat' dir='ltr'>pietate.</span> <span class='ocrx_word' id='word_1_168' title='bbox 871 2798 1032 2864; x_wconf 79' lang='lat' dir='ltr'>Assiduus</span> <span class='ocrx_word' id='word_1_169' title='bbox 1047 2797 1086 2862; x_wconf 91' lang='lat' dir='ltr'>ad</span> <span class='ocrx_word' id='word_1_170' title='bbox 1101 2805 1348 2862; x_wconf 88' lang='lat' dir='ltr'>sacrosanctum</span> 
     </span>
     <span class='ocr_line' id='line_1_25' title="bbox 261 2893 1348 2980; baseline -0.004 -18"><span class='ocrx_word' id='word_1_171' title='bbox 261 2897 363 2962; x_wconf 88' lang='lat' dir='ltr'>altare</span> <span class='ocrx_word' id='word_1_172' title='bbox 389 2907 509 2980; x_wconf 88' lang='lat' dir='ltr'>mysta;</span> <span class='ocrx_word' id='word_1_173' title='bbox 540 2897 627 2979; x_wconf 84' lang='lat' dir='ltr'>quod</span> <span class='ocrx_word' id='word_1_174' title='bbox 653 2915 826 2980; x_wconf 85' lang='lat' dir='ltr'>numquam</span> <span class='ocrx_word' id='word_1_175' title='bbox 855 2898 1079 2964; x_wconf 89' lang='lat' dir='ltr'>conscendere</span> <span class='ocrx_word' id='word_1_176' title='bbox 1107 2896 1256 2972; x_wconf 87' lang='lat' dir='ltr'>audebat,</span> <span class='ocrx_word' id='word_1_177' title='bbox 1285 2893 1348 2960; x_wconf 91' lang='lat' dir='ltr'>nisi</span> 
     </span>
     <span class='ocr_line' id='line_1_26' title="bbox 261 2995 1348 3078; baseline -0.001 -18"><span class='ocrx_word' id='word_1_178' title='bbox 261 2995 439 3078; x_wconf 89' lang='lat' dir='ltr'>pmemissa</span> <span class='ocrx_word' id='word_1_179' title='bbox 461 2996 501 3060; x_wconf 87' lang='lat' dir='ltr'>ad</span> <span class='ocrx_word' id='word_1_180' title='bbox 525 2997 750 3062; x_wconf 88' lang='lat' dir='ltr'>semihoram</span> <span class='ocrx_word' id='word_1_181' title='bbox 742 3015 775 3061; x_wconf 92' lang='lat' dir='ltr'>m</span> <span class='ocrx_word' id='word_1_182' title='bbox 792 2998 940 3063; x_wconf 88' lang='lat' dir='ltr'>oratione</span> <span class='ocrx_word' id='word_1_183' title='bbox 955 3005 986 3063; x_wconf 90' lang='lat' dir='ltr'>et</span> <span class='ocrx_word' id='word_1_184' title='bbox 1003 2995 1207 3062; x_wconf 87' lang='lat' dir='ltr'>meditatione</span> <span class='ocrx_word' id='word_1_185' title='bbox 1223 2995 1348 3059; x_wconf 85' lang='lat' dir='ltr'>animare</span> 
     </span>
     <span class='ocr_line' id='line_1_27' title="bbox 261 3091 1349 3178; baseline -0.004 -18"><span class='ocrx_word' id='word_1_186' title='bbox 261 3109 341 3160; x_wconf 89' lang='lat' dir='ltr'>suae</span> <span class='ocrx_word' id='word_1_187' title='bbox 356 3097 611 3176; x_wconf 89' lang='lat' dir='ltr'>praeparatione.</span> <span class='ocrx_word' id='word_1_188' title='bbox 627 3096 708 3162; x_wconf 90' lang='lat' dir='ltr'>llinc</span> <span class='ocrx_word' id='word_1_189' title='bbox 719 3105 807 3162; x_wconf 86' lang='lat' dir='ltr'>tanta</span> <span class='ocrx_word' id='word_1_190' title='bbox 823 3096 1115 3178; x_wconf 77' lang='lat' dir='ltr'>superfundebatur</span> <span class='ocrx_word' id='word_1_191' title='bbox 1130 3091 1324 3160; x_wconf 89' lang='lat' dir='ltr'>devotione</span> <span class='ocrx_word' id='word_1_192' title='bbox 1316 3107 1349 3157; x_wconf 86' lang='grc' dir='ltr'>ιιι</span> 
     </span>
     <span class='ocr_line' id='line_1_28' title="bbox 261 3191 1349 3277; baseline -0.003 -19"><span class='ocrx_word' id='word_1_193' title='bbox 261 3194 429 3258; x_wconf 89' lang='lat' dir='ltr'>tremendo</span> <span class='ocrx_word' id='word_1_194' title='bbox 455 3193 615 3260; x_wconf 88' lang='lat' dir='ltr'>racriilcio</span> <span class='ocrx_word' id='word_1_195' title='bbox 638 3195 686 3274; x_wconf 82' lang='lat' dir='ltr'>lad</span> <span class='ocrx_word' id='word_1_196' title='bbox 710 3194 796 3277; x_wconf 83' lang='lat' dir='ltr'>quod</span> <span class='ocrx_word' id='word_1_197' title='bbox 824 3211 996 3276; x_wconf 81' lang='lat' dir='ltr'>numquam</span> <span class='ocrx_word' id='word_1_198' title='bbox 1019 3195 1127 3259; x_wconf 90' lang='lat' dir='ltr'>minus</span> <span class='ocrx_word' id='word_1_199' title='bbox 1141 3209 1236 3275; x_wconf 83' lang='lat' dir='ltr'>quatu</span> <span class='ocrx_word' id='word_1_200' title='bbox 1251 3191 1349 3257; x_wconf 89' lang='lat' dir='ltr'>semi·</span> 
     </span>
     <span class='ocr_line' id='line_1_29' title="bbox 262 3289 1349 3376; baseline -0.002 -20"><span class='ocrx_word' id='word_1_201' title='bbox 262 3292 375 3357; x_wconf 89' lang='lat' dir='ltr'>boram</span> <span class='ocrx_word' id='word_1_202' title='bbox 404 3293 628 3376; x_wconf 82' lang='lat' dir='ltr'>impendebat),</span> <span class='ocrx_word' id='word_1_203' title='bbox 661 3303 694 3359; x_wconf 91' lang='lat' dir='ltr'>ut</span> <span class='ocrx_word' id='word_1_204' title='bbox 722 3293 854 3360; x_wconf 90' lang='lat' dir='ltr'>coelesti</span> <span class='ocrx_word' id='word_1_205' title='bbox 883 3293 1020 3375; x_wconf 87' lang='lat' dir='ltr'>quadam</span> <span class='ocrx_word' id='word_1_206' title='bbox 1050 3292 1221 3358; x_wconf 86' lang='lat' dir='ltr'>dulcedine</span> <span class='ocrx_word' id='word_1_207' title='bbox 1250 3289 1349 3355; x_wconf 88' lang='lat' dir='ltr'>veluti</span> 
     </span>
     <span class='ocr_line' id='line_1_30' title="bbox 262 3391 1348 3472; baseline -0.001 -17"><span class='ocrx_word' id='word_1_208' title='bbox 262 3401 373 3472; x_wconf 87' lang='lat' dir='ltr'>raptus</span> <span class='ocrx_word' id='word_1_209' title='bbox 388 3392 565 3458; x_wconf 86' lang='lat' dir='ltr'>videretur.</span> <span class='ocrx_word' id='word_1_210' title='bbox 590 3393 667 3459; x_wconf 87' lang='lat' dir='ltr'>Post</span> <span class='ocrx_word' id='word_1_211' title='bbox 688 3408 816 3458; x_wconf 88' lang='lat' dir='ltr'>sacrum</span> <span class='ocrx_word' id='word_1_212' title='bbox 838 3401 1026 3459; x_wconf 87' lang='lat' dir='ltr'>constanter</span> <span class='ocrx_word' id='word_1_213' title='bbox 1047 3391 1079 3454; x_wconf 96' lang='lat' dir='ltr'>in</span> <span class='ocrx_word' id='word_1_214' title='bbox 1101 3391 1275 3472; x_wconf 90' lang='lat' dir='ltr'>gratiarum</span> <span class='ocrx_word' id='word_1_215' title='bbox 1295 3405 1348 3454; x_wconf 88' lang='lat' dir='ltr'>ac·</span> 
     </span>
     <span class='ocr_line' id='line_1_31' title="bbox 262 3487 1348 3568; baseline -0.002 -14"><span class='ocrx_word' id='word_1_216' title='bbox 262 3490 351 3555; x_wconf 89' lang='lat' dir='ltr'>tione</span> <span class='ocrx_word' id='word_1_217' title='bbox 376 3490 458 3555; x_wconf 85' lang='lat' dir='ltr'>ultre</span> <span class='ocrx_word' id='word_1_218' title='bbox 483 3491 678 3557; x_wconf 87' lang='lat' dir='ltr'>semihoram</span> <span class='ocrx_word' id='word_1_219' title='bbox 703 3507 778 3558; x_wconf 92' lang='lat' dir='ltr'>cum</span> <span class='ocrx_word' id='word_1_220' title='bbox 803 3491 931 3557; x_wconf 85' lang='lat' dir='ltr'>Christo</span> <span class='ocrx_word' id='word_1_221' title='bbox 957 3489 1094 3555; x_wconf 85' lang='lat' dir='ltr'>Domino</span> <span class='ocrx_word' id='word_1_222' title='bbox 1120 3489 1266 3556; x_wconf 71' lang='lat' dir='ltr'>solvebat</span> <span class='ocrx_word' id='word_1_223' title='bbox 1296 3487 1348 3568; x_wconf 94' lang='lat' dir='ltr'>pia</span> 
     </span>
     <span class='ocr_line' id='line_1_32' title="bbox 263 3587 436 3670; baseline -0.012 -16"><span class='ocrx_word' id='word_1_224' title='bbox 263 3587 436 3670; x_wconf 79' lang='lat' dir='ltr'>colloquia.</span> 
     </span>
    </p>
   </div>
   <div class='ocr_carea' id='block_1_3' title="bbox 260 3683 1350 4264">
    <p class='ocr_par' dir='ltr' id='par_1_4' title="bbox 260 3683 1350 4264">
     <span class='ocr_line' id='line_1_33' title="bbox 308 3683 1350 3771; baseline 0.002 -24"><span class='ocrx_word' id='word_1_225' title='bbox 308 3688 429 3752; x_wconf 79' lang='lat' dir='ltr'>»huno</span> <span class='ocrx_word' id='word_1_226' title='bbox 441 3687 580 3763; x_wconf 64' lang='lat' dir='ltr'>llbdpd</span> <span class='ocrx_word' id='word_1_227' title='bbox 595 3689 715 3769; x_wconf 83' lang='lat' dir='ltr'>majora</span> <span class='ocrx_word' id='word_1_228' title='bbox 726 3688 917 3764; x_wconf 89' lang='lat' dir='ltr'>destinatus,</span> <span class='ocrx_word' id='word_1_229' title='bbox 927 3687 1062 3771; x_wconf 89' lang='lat' dir='ltr'>sophiae</span> <span class='ocrx_word' id='word_1_230' title='bbox 1072 3687 1236 3769; x_wconf 80' lang='lat' dir='ltr'>professor</span> <span class='ocrx_word' id='word_1_231' title='bbox 1249 3683 1350 3750; x_wconf 93' lang='lat' dir='ltr'>nomi·</span> 
     </span>
     <span class='ocr_line' id='line_1_34' title="bbox 263 3786 1348 3866; baseline -0.001 -16"><span class='ocrx_word' id='word_1_232' title='bbox 263 3793 358 3851; x_wconf 90' lang='lat' dir='ltr'>natur</span> <span class='ocrx_word' id='word_1_233' title='bbox 372 3786 475 3866; x_wconf 94' lang='lat' dir='ltr'>primo</span> <span class='ocrx_word' id='word_1_234' title='bbox 492 3787 633 3863; x_wconf 78' lang='lat' dir='ltr'>dandae,</span> <span class='ocrx_word' id='word_1_235' title='bbox 658 3787 731 3852; x_wconf 92' lang='lat' dir='ltr'>dein</span> <span class='ocrx_word' id='word_1_236' title='bbox 752 3787 923 3852; x_wconf 82' lang='lat' dir='ltr'>bruxellis.</span> <span class='ocrx_word' id='word_1_237' title='bbox 948 3786 1039 3862; x_wconf 88' lang='lat' dir='ltr'>lnde,</span> <span class='ocrx_word' id='word_1_238' title='bbox 1063 3795 1232 3852; x_wconf 88' lang='lat' dir='ltr'>crescente</span> <span class='ocrx_word' id='word_1_239' title='bbox 1253 3786 1348 3860; x_wconf 87' lang='lat' dir='ltr'>sama,</span> 
     </span>
     <span class='ocr_line' id='line_1_35' title="bbox 263 3883 1348 3968; baseline -0.005 -17"><span class='ocrx_word' id='word_1_240' title='bbox 263 3885 303 3951; x_wconf 87' lang='lat' dir='ltr'>ad</span> <span class='ocrx_word' id='word_1_241' title='bbox 320 3888 572 3966; x_wconf 89' lang='lat' dir='ltr'>prolessoratum</span> <span class='ocrx_word' id='word_1_242' title='bbox 596 3885 778 3968; x_wconf 82' lang='lat' dir='ltr'>theologiae</span> <span class='ocrx_word' id='word_1_243' title='bbox 801 3885 931 3951; x_wconf 85' lang='lat' dir='ltr'>moralis</span> <span class='ocrx_word' id='word_1_244' title='bbox 954 3895 1108 3952; x_wconf 88' lang='lat' dir='ltr'>evocetur</span> <span class='ocrx_word' id='word_1_245' title='bbox 1129 3883 1348 3964; x_wconf 81' lang='lat' dir='ltr'>Antrerpiam.</span> 
     </span>
     <span class='ocr_line' id='line_1_36' title="bbox 265 3980 1349 4066; baseline -0.004 -18"><span class='ocrx_word' id='word_1_246' title='bbox 265 3985 402 4060; x_wconf 87' lang='lat' dir='ltr'>interea,</span> <span class='ocrx_word' id='word_1_247' title='bbox 424 3999 509 4049; x_wconf 88' lang='lat' dir='ltr'>anno</span> <span class='ocrx_word' id='word_1_248' title='bbox 535 3984 627 4061; x_wconf 79' lang='lat' dir='ltr'>llll),</span> <span class='ocrx_word' id='word_1_249' title='bbox 656 3984 803 4050; x_wconf 90' lang='lat' dir='ltr'>licentiae</span> <span class='ocrx_word' id='word_1_250' title='bbox 828 3984 962 4066; x_wconf 87' lang='lat' dir='ltr'>gradum</span> <span class='ocrx_word' id='word_1_251' title='bbox 985 3985 1015 4047; x_wconf 94' lang='lat' dir='ltr'>in</span> <span class='ocrx_word' id='word_1_252' title='bbox 1039 3981 1200 4064; x_wconf 88' lang='lat' dir='ltr'>theologia</span> <span class='ocrx_word' id='word_1_253' title='bbox 1218 3980 1349 4046; x_wconf 85' lang='lat' dir='ltr'>bovenii</span> 
     </span>
     <span class='ocr_line' id='line_1_37' title="bbox 263 4078 1348 4165; baseline -0.005 -19"><span class='ocrx_word' id='word_1_254' title='bbox 263 4081 463 4164; x_wconf 87' lang='lat' dir='ltr'>promeritis</span> <span class='ocrx_word' id='word_1_255' title='bbox 486 4083 694 4164; x_wconf 66' lang='lat' dir='ltr'>adipiscitum</span> <span class='ocrx_word' id='word_1_256' title='bbox 717 4083 825 4165; x_wconf 86' lang='lat' dir='ltr'>ibique</span> <span class='ocrx_word' id='word_1_257' title='bbox 846 4083 889 4163; x_wconf 92' lang='lat' dir='ltr'>[id</span> <span class='ocrx_word' id='word_1_258' title='bbox 912 4093 962 4149; x_wconf 89' lang='lat' dir='ltr'>est</span> <span class='ocrx_word' id='word_1_259' title='bbox 984 4081 1136 4160; x_wconf 68' lang='lat' dir='ltr'>tovaniip</span> <span class='ocrx_word' id='word_1_260' title='bbox 1157 4095 1242 4146; x_wconf 89' lang='lat' dir='ltr'>anno</span> <span class='ocrx_word' id='word_1_261' title='bbox 1257 4078 1348 4154; x_wconf 70' lang='lat' dir='ltr'>ilii,</span> 
     </span>
     <span class='ocr_line' id='line_1_38' title="bbox 260 4177 1350 4264; baseline -0.004 -18"><span class='ocrx_word' id='word_1_262' title='bbox 260 4181 488 4262; x_wconf 81' lang='lat' dir='ltr'>theologorum</span> <span class='ocrx_word' id='word_1_263' title='bbox 511 4199 590 4248; x_wconf 89' lang='lat' dir='ltr'>suae</span> <span class='ocrx_word' id='word_1_264' title='bbox 613 4182 797 4264; x_wconf 87' lang='lat' dir='ltr'>provinciae</span> <span class='ocrx_word' id='word_1_265' title='bbox 819 4181 985 4263; x_wconf 89' lang='lat' dir='ltr'>prolessor</span> <span class='ocrx_word' id='word_1_266' title='bbox 1002 4189 1153 4254; x_wconf 84' lang='lat' dir='ltr'>statutus,</span> <span class='ocrx_word' id='word_1_267' title='bbox 1173 4193 1259 4244; x_wconf 90' lang='lat' dir='ltr'>anno</span> <span class='ocrx_word' id='word_1_268' title='bbox 1273 4177 1350 4244; x_wconf 82' lang='lat' dir='ltr'>sub</span> 
     </span>
    </p>
   </div>
   <div class='ocr_carea' id='block_1_4' title="bbox 0 0 1602 4942">
    <p class='ocr_par' dir='ltr' id='par_1_5' title="bbox 0 0 1602 4942">
     <span class='ocr_line' id='line_1_39' title="bbox 0 0 1602 4942; baseline 0 0"><span class='ocrx_word' id='word_1_269' title='bbox 0 0 1602 4942; x_wconf 95' lang='lat' dir='ltr'> </span> 
     </span>
    </p>
   </div>
  </div>
 </body>
</html>
