3186 4942
689 438 875 504 ..323-

276 625 471 704 Aapmtinm
494 623 660 700 helcane,
683 621 988 705 luxemburgensis,
1005 637 1118 686 sacrae
1143 619 1327 700 theologiae

232 719 416 786 licentiatus
432 722 465 786 in
480 721 651 788 Academia
667 721 859 787 horaniensi
875 730 906 788 et
921 719 1097 786 doctoralis
1121 719 1230 783 laurea
1247 731 1325 782 ean-

235 819 377 897 didatus,
393 836 479 885 anno
504 820 581 884 1711
608 819 711 886 lactus
732 829 783 885 est
807 819 972 900 professor
994 818 1027 882 in
1050 817 1163 883 schola
1178 814 1329 898 Augusti-

237 917 332 984 uiana
348 918 492 994 horarii,
511 919 619 1001 ibique
641 918 751 984 docuit
767 935 870 1000 usque
892 917 930 981 ad
948 933 1066 982 annum
1089 915 1182 991 1715,
1199 914 1331 997 quaudo

237 1017 436 1082 constitutus
459 1018 518 1084 luit
541 1018 629 1098 prior
656 1027 836 1084 conventus
859 1015 1087 1093 bulloniensis,
1113 1015 1165 1080 ubl
1189 1011 1332 1080 decessit

238 1131 325 1182 auno
342 1117 434 1181 1719.

280 1281 432 1363 Iosephus
458 1283 594 1364 haupts,
620 1281 860 1357 Namuroensis,
884 1297 997 1346 sacrae
1022 1277 1204 1359 theologiae
1229 1275 1332 1341 licen«

240 1379 348 1454 tiatns,
379 1381 578 1447 constitutus
609 1381 667 1446 luit
697 1383 865 1463 professor
893 1381 927 1443 in
957 1379 1069 1444 subola
1099 1375 1331 1459 Augustiniana

238 1477 370 1543 Lovanii
383 1495 467 1544 anno
481 1477 578 1554 llll,
592 1480 765 1562 docuitque
779 1479 895 1544 ibidem
906 1477 1019 1559 viginti
1034 1475 1127 1540 annis
1140 1474 1330 1556 etamplius,

120 1577 123 1584 '
240 1576 364 1642 scilicet
378 1596 480 1660 usque
496 1579 534 1643 ad
552 1595 669 1644 annum
687 1579 779 1653 1761,
793 1579 915 1644 interea
931 1577 984 1642 dic
1000 1577 1039 1640 19
1052 1573 1237 1664 novembris
1250 1569 1334 1636 1713

241 1674 398 1764 doctorali
425 1678 534 1743 laurea
560 1678 796 1744 condecoratus
822 1676 854 1740 in
881 1677 963 1740 alma
992 1674 1206 1740 Universitate
1233 1672 1332 1736 bova-

242 1773 359 1849 niensi‚
385 1792 445 1840 una
473 1792 546 1840 curo
575 1776 678 1840 tribus
706 1775 778 1840 aliis
796 1797 804 1838 ε
823 1773 994 1840 Laurentio
1017 1773 1163 1852 losepho
1186 1769 1332 1846 Lelivelt,
1419 1790 1423 1798 ·

242 1881 318 1938 tunc
345 1875 492 1954 praeside
519 1875 646 1956 collegii
674 1874 821 1957 vigliani,
846 1874 921 1939 dein
948 1872 1139 1946 llollandlci,
1170 1868 1334 1936 badurico

240 1969 443 2038 llerdinando
473 1972 602 2055 hengld,
630 1973 758 2055 collegii
787 1973 941 2038 bruitiani
966 1970 1127 2054 praeside,
1152 1977 1183 2034 et
1208 1971 1332 2032 loanne

192 2108 195 2114 ·
240 2067 385 2136 Roberto
415 2071 546 2137 Gisleno
577 2071 698 2148 Caimo,
726 2072 780 2154 qui
809 2080 919 2153 postea
947 2071 1050 2135 lactus
1080 2077 1129 2134 est
1158 2066 1335 2147 episcopus

240 2167 432 2250 Brugeusis.
450 2169 529 2236 Obiit
546 2169 677 2235 Louanii
694 2171 734 2234 22
750 2171 855 2235 martii
872 2168 965 2234 1780.

284 2300 331 2364 En
357 2303 511 2368 schedam
540 2303 611 2384 eius
638 2302 860 2377 mortuarium,
883 2317 966 2383 quae
994 2309 1091 2365 totam
1120 2291 1333 2363 illustrissimi

244 2399 386 2482 theologi
402 2401 484 2466 vitae
500 2403 618 2468 seriem
633 2409 784 2468 accurate
799 2401 954 2467 describit
970 2423 978 2464 :

286 2520 304 2557 c
319 2499 425 2576 lesus,
443 2499 550 2575 llaria,
568 2501 779 2582 Augustinus.
796 2500 889 2565 huno
912 2507 1080 2580 reparatae
1102 2495 1216 2560 salutis
1232 2492 1333 2558 mille·

244 2594 328 2660 simu
357 2598 645 2679 septingentesimo
674 2599 887 2678 octogesimo,
915 2598 968 2662 die
997 2595 1152 2677 vigesima
1188 2589 1332 2657 secunda

246 2693 362 2768 martii,
378 2695 466 2758 circa
481 2706 604 2760 sextam
622 2696 818 2770 matutinam,
835 2695 1001 2760 consuetis
1023 2692 1208 2758 exeuntium
1224 2702 1333 2753 sacra·

244 2789 481 2872 ruentis'plena
507 2794 725 2876 resignatione
750 2795 925 2875 susceptis,
953 2794 1018 2876 pie,
1046 2801 1081 2857 ut
1108 2791 1196 2864 vixit,
1223 2789 1333 2854 virere

244 2888 340 2956 desiit
351 2891 733 2960 admodumrevereodus
745 2909 783 2959 ao
795 2893 932 2958 eximius
945 2887 1332 2975 paterloreplraldcupir,

243 2986 278 3052 S.
305 2989 430 3054 ordinis
455 2991 666 3058 Eremitarum
690 2993 795 3075 magni
823 2992 924 3074 patris
947 2990 1129 3073 Augustini,
1153 2994 1335 3053 conventus

243 3087 447 3155 boviniensis
464 3090 562 3164 lilius,
570 3108 684 3158 sacrae
699 3093 900 3174 theologicae
917 3090 1077 3156 facultatis
1093 3088 1202 3154 senior
1217 3086 1334 3150 decim

241 3202 372 3268 regens,
397 3205 483 3254 anno
506 3189 621 3254 aetatis
644 3191 695 3266 69,
712 3191 885 3270 religiosae
908 3191 990 3254 vitae
1012 3188 1065 3263 52,
1082 3184 1255 3254 sacerdotii
1277 3182 1332 3263 16,

239 3285 372 3368 iubilaei
388 3287 419 3350 2.

287 3386 419 3452 «Natus
443 3396 494 3453 est
517 3389 567 3452 vir
593 3389 646 3454 hic
671 3406 747 3454 vere
772 3389 909 3454 eximius
934 3387 1095 3461 Namurci,
1120 3385 1153 3450 in
1181 3381 1333 3464 parocbia

243 3484 276 3550 S.
303 3485 434 3563 Nicolal,
462 3503 547 3553 anno
577 3487 670 3563 lili,
701 3487 755 3552 dle
783 3487 823 3552 19
850 3485 1045 3562 novembris,
1073 3493 1163 3565 patre
1191 3479 1334 3546 antona

245 3583 377 3666 bangia,
407 3595 509 3650 matre
531 3584 621 3650 hnna
652 3586 695 3651 Le
721 3585 818 3660 llutb,
846 3585 971 3650 civibus
996 3581 1248 3658 honestissimis,
1276 3576 1332 3660 qui

241 3683 371 3748 unicam
394 3684 477 3750 banc
500 3684 562 3750 sibi
585 3701 604 3750 a
628 3688 691 3750 lieo
712 3701 902 3752 concessam
924 3683 1071 3749 sobolem
1095 3683 1127 3746 io
1154 3681 1270 3762 pietate
1293 3693 1332 3742 ac

244 3796 369 3846 ntorum
386 3783 567 3866 integritate
585 3784 798 3862 enutrientes,
816 3783 883 3847 llll.
901 3782 1046 3864 patribus
1068 3779 1237 3846 meientis
1253 3777 1332 3856 lesu

243 3880 516 3948 Namuroensibus
545 3882 728 3948 humaniori
758 3883 923 3948 literatura
953 3881 1161 3947 imbuendum
1191 3875 1333 3943 sollicite

241 3981 491 4058 commiserunt3
515 3981 577 4046 sub
599 3998 736 4062 quorum
759 3997 836 4046 cura
862 3981 939 4048 duur
962 3980 1077 4046 sedulo
1099 3976 1239 4060 prolicit,
1255 3989 1331 4040 cum

241 4079 377 4146 annalis
393 4079 425 4144 iu
441 4079 546 4146 stadio
563 4096 711 4155 currens,
728 4079 778 4146 eis
792 4087 980 4146 constanter
994 4077 1140 4144 bravium
1157 4072 1330 4156 praeripiis

238 4177 386 4260 jamtum
403 4195 469 4246 non
491 4179 630 4246 obscura
646 4178 804 4262 praeclari
825 4179 877 4246 sul
892 4177 1013 4261 ingenii
1028 4175 1216 4259 capacitatis
1238 4187 1332 4256 prae·
