3232 4942
732 369 919 437 ...3218-

283 555 434 638 mutique
465 571 522 636 per
551 553 670 622 dietum
697 563 901 625 contractum
924 571 964 618 ex
992 553 1096 624 redito
1122 553 1370 636 quingentorum

284 653 512 737 quinquaginta
525 652 733 730 florenorum,
743 652 971 724 accedentibus
984 651 1228 720 aliis—reditibus
1239 651 1370 724 annuis.

284 753 340 836 qui
361 770 400 820 ex
425 753 536 827 eadem
559 752 747 820 fundatione
769 761 956 834 supersunt,
974 751 1067 820 lacile
1092 762 1160 819 tres
1182 764 1235 818 aut
1262 751 1371 834 plnres

284 851 427 935 religiosi
443 851 518 918 dicti
533 851 658 918 ordinis
678 859 809 921 sauctae
824 851 936 917 Crucis
952 851 985 916 in
1000 851 1109 933 aliquo
1126 851 1221 932 huius
1237 851 1370 918 Univer-

284 951 388 1017 silatis
406 950 555 1032 collegio,
582 968 638 1033 per
661 951 750 1032 ipsos
773 950 933 1032 eligendo.
957 951 1132 1017 sustentari
1157 959 1318 1032 poterunt.
1340 959 1373 1017 et

285 1050 327 1116 ila
351 1049 445 1130 plene
467 1049 554 1130 (lieet
576 1050 639 1114 alio
664 1049 769 1128 modo)
793 1049 959 1130 adimpleri
984 1049 1171 1128 principalis
1195 1048 1373 1114 lundetoris

284 1149 452 1224 volunlas;
469 1149 554 1230 quod
571 1148 646 1214 item
670 1148 776 1214 dictus
792 1155 969 1216 conventos
994 1148 1138 1213 Fratrum
1156 1148 1315 1215 lllinorum
1330 1147 1372 1218 ds

285 1246 506 1320 Obseruantia.
525 1247 600 1312 huic
626 1256 756 1315 nostrae
778 1246 984 1317 universitati
1002 1247 1238 1328 incorporatus,
1257 1261 1370 1313 nume·

286 1363 382 1414 rusus
396 1345 574 1414 admodum
592 1345 644 1419 sit.
664 1354 774 1428 utpote
801 1347 832 1410 in
856 1363 920 1428 quo
943 1346 991 1412 de.
1008 1347 1168 1426 praesenti
1191 1356 1267 1410 sunt
1289 1345 1372 1410 ultra

286 1445 458 1530 nonaginta
474 1446 602 1520 iratres.
617 1462 753 1526 quorum
769 1445 821 1510 alii
837 1445 951 1512 novitii
964 1455 1052 1519 sunt,
1066 1445 1119 1508 alii
1135 1443 1250 1510 studiis
1268 1443 1373 1525 philo-

284 1546 429 1628 sophiae,
447 1545 499 1613 alii
515 1561 628 1612 sacrae
644 1544 826 1627 theologiae
841 1545 1004 1610 assiduam
1021 1560 1152 1626 operam
1174 1545 1300 1614 dantes.
1318 1543 1373 1606 alli

284 1645 423 1726 deniqne
437 1643 650 1712 concionibus
666 1644 821 1713 habendis
838 1652 869 1710 et
883 1643 1147 1710 confessionibus
1171 1641 1373 1724 excipiendis

284 1743 420 1826 aliisque
444 1743 676 1810 ecciesiasticis
699 1741 917 1809 lunationibus
938 1743 995 1810 toti
1019 1741 1216 1823 reipublicae
1238 1741 1374 1806 intuscl

284 1851 373 1908 extra
398 1841 559 1908 civitatem
590 1858 685 1924 quarn
711 1841 969 1924 diligentissime,
998 1859 1061 1908 non
1092 1841 1164 1908 sine
1193 1840 1372 1904 animarum

284 1941 387 2016 lucro,
405 1941 637 2016 inservientem
659 1941 809 2023 quodque
825 1941 981 2006 hahitatio.
992 1939 1069 2007 dicti
1091 1949 1269 2006 conventus
1284 1947 1373 2008 arcta

283 2039 375 2126 ualde
396 2049 428 2108 et
442 2050 577 2122 angusta
593 2040 635 2105 sit
657 2057 714 2122 pro
729 2047 818 2108 tanto
833 2039 967 2104 tratrem
989 2057 1136 2115 numero,
1153 2056 1214 2103 nec
1231 2039 1294 2102 ulla
1309 2038 1372 2102 alia

285 2149 374 2219 parte
403 2139 526 2220 sperari
558 2139 673 2219 possit,
702 2149 736 2204 ot
765 2139 946 2220 amplietur,
978 2138 1041 2203 nisi
1072 2155 1128 2219 per
1150 2135 1370 2224 accessionem

284 2239 388 2306 dictae
409 2239 525 2310 domus
548 2237 727 2322 collegialis
750 2237 873 2304 ordinis
896 2237 1155 2320 crucigerorum;
1179 2236 1251 2302 viso
1274 2236 1372 2304 etiam

285 2337 473 2413 etexhibito
490 2337 584 2405 nobis
607 2337 780 2418 diplomate
800 2337 997 2404 sanctissimi
1018 2337 1137 2405 domini
1163 2335 1264 2406 nostri
1282 2335 1372 2403 Pauli

282 2435 383 2519 quinti
410 2453 508 2518 snper
536 2435 722 2516 hujusmodi
760 2435 889 2500 ultimae
916 2436 1090 2504 voluntatis
1129 2435 1204 2500 dicti
1236 2433 1370 2516 Philippi

280 2536 403 2604 Nicolai
419 2535 584 2608 deliondt
602 2535 713 2618 (quiin
734 2552 810 2601 casu
831 2535 1026 2602 venditionis
1042 2535 1201 2600 dictorum
1225 2533 1370 2602 locorum

280 2635 360 2717 ipsis
397 2633 579 2720 crucigeris
619 2635 701 2700 alios
736 2635 955 2712 substituerat)
994 2632 1256 2708 commutatione,
1295 2633 1370 2704 dato

281 2735 376 2800 lertio
404 2751 507 2802 nones
532 2733 675 2801 octobris
701 2733 776 2798 anni
802 2734 1025 2816 praecedentis
1051 2733 1211 2798 millesimi
1235 2748 1370 2800 sexcen-

283 2832 387 2900 tesimi
412 2833 531 2906 decimi
546 2832 659 2915 quinti.
689 2849 747 2912 pro
771 2833 882 2914 majori
909 2832 985 2900 dicti
1009 2840 1194 2898 contractus
1222 2830 1375 2898 firmitate

282 2940 316 2996 el
350 2931 595 3012 approbatione,
627 2933 711 3014 qnod
749 2933 891 3014 diploma
927 2933 1087 3014 integrum
1123 2931 1273 3004 vidimus.
1305 2945 1371 2994 uon

283 3031 507 3107 cancellatum,
540 3048 599 3096 nec
634 3031 695 3099 ulla
726 3049 765 3097 ex
795 3041 885 3114 parte
920 3041 1121 3114 corruptum,
1153 3028 1378 3110 quodque-cx.

283 3140 369 3208 certa
399 3130 545 3206 scientia,
577 3139 609 3198 et
638 3131 822 3213 cognitione
860 3131 1005 3197 veritatis
1040 3147 1164 3204 eorum,
1195 3145 1278 3211 quae
1314 3145 1376 3209 pro

282 3229 386 3310 ipsius
401 3229 626 3310 impetratione
642 3247 698 3310 per
710 3231 815 3297 dictos
831 3230 958 3296 Fratres
976 3230 1117 3296 Minores
1132 3229 1269 3310 allegata
1284 3237 1373 3302 sunt,

285 3329 470 3396 nullatenus
498 3328 803 3411 subreptionis·aut
836 3329 1038 3411 obreptionis
1069 3338 1162 3394 notae
1191 3326 1374 3408 subjectum

284 3428 451 3504 nouimue3
476 3427 618 3494 exhibito
644 3429 740 3494 etiam
768 3429 862 3496 nobis
889 3429 1171 3496 serenissimorum
1190 3426 1373 3509 principum

283 3537 467 3604 nostrorum
506 3529 628 3608 placeto
663 3547 720 3610 pro
753 3529 829 3594 dicti
862 3529 1044 3612 diplomatis
1077 3527 1277 3603 executione,
1314 3543 1373 3606 per

283 3627 415 3695 eosdem
454 3627 582 3693 Freues
614 3627 753 3694 Minores
787 3629 955 3710 impetrato
991 3627 1044 3694 die
1072 3627 1207 3707 septima
1234 3624 1372 3706 januarii

283 3725 380 3808 hujus
394 3728 469 3792 anni
483 3725 645 3793 millesimi
659 3727 884 3794 sexcentesimi
902 3726 1018 3792 decimi
1032 3725 1132 3802 sexti;
1149 3725 1218 3790 visa
1234 3722 1377 3803 denique

284 3833 315 3910 et
329 3835 449 3892 attenta
465 3825 711 3895 confirmatione
728 3835 760 3891 et
775 3825 1006 3907 approbatione
1024 3824 1169 3906 eiusdem
1186 3830 1376 3890 contractus

286 3934 349 3988 tam
373 3941 410 3990 en
440 3935 528 4006 parte
556 3935 680 4005 patrum
707 3924 990 3991 carthusianorum
1019 3923 1114 4004 huius
1140 3921 1249 4004 oppidi
1276 3935 1373 4002 quam

287 4021 514 4104 magistrorum
526 4032 665 4106 quatuor
680 4039 865 4090 mensarum
881 4022 983 4091 sancti
995 4021 1134 4102 Spiritus
1146 4019 1377 4102 parochiarum

287 4122 387 4188 sancti
410 4123 531 4202 iacobi,
556 4123 658 4188 salicti
683 4123 859 4200 Michaelis,
884 4122 985 4188 sancti
1013 4119 1154 4195 Quintini
1180 4130 1212 4186 et
1239 4125 1374 4188 saumas
