3032 4952
563 443 728 508 45..

126 625 243 687 tbeuma
268 622 444 694 llordraco,
470 631 646 704 regentem,
663 621 695 684 in
713 621 879 687 utilitatem
895 621 1052 686 dictorum
1067 639 1185 703 paupe·

126 737 181 784 ram
194 721 399 800 suprascripti
417 720 602 802 paedagogii
626 719 810 786 standonck
832 728 863 784 el
877 721 973 800 vulgo
993 722 1184 801 appeliatum

128 819 212 882 Porci.
232 817 266 880 lo
287 834 351 898 quc
375 817 573 898 paedagogio
601 817 777 898 principale
799 827 849 882 est
875 817 1060 882 exercitium
1084 819 1134 898 (it,
1155 829 1187 884 et

130 916 253 996 specialis
269 915 455 997 paedagogii
475 915 660 978 standonok
678 931 836 998 pauperes
859 915 997 980 bursarii
1019 932 1092 980 cum
1114 915 1186 981 aliis

129 1013 303 1078 scholaribus
318 1013 477 1078 docentur
492 1023 524 1079 ot
539 1023 741 1078 exercentur.

162 1109 225 1174 adr
239 1111 327 1192 quus
344 1111 533 1193 poedagogii
555 1111 699 1192 regentia
722 1111 949 1187 emolumenta,
967 1111 995 1175 si
1011 1128 1092 1193 quae
1107 1129 1186 1177 one·

130 1210 199 1274 ribus
212 1209 353 1274 deductis
370 1219 547 1288 supersunt
564 1210 658 1289 (quod
679 1209 844 1274 rarissime
860 1211 1015 1274 baetenus
1031 1210 1184 1291 contigit),

129 1307 317 1372 emolumento
339 1315 371 1371 et
394 1308 566 1394 commodo
588 1308 663 1372 dicti
687 1308 814 1389 collegii
838 1308 987 1387 specialis
1010 1324 1185 1388 pauperum

130 1407 236 1470 cedunt.

162 1504 310 1568 »Provide
327 1505 472 1585 eiusdem
495 1506 681 1584 provisores
705 1513 781 1570 sunt
803 1504 911 1577 iidem,
929 1504 981 1585 qui
998 1504 1073 1568 dicti
1090 1503 1185 1584 parti-

131 1601 224 1665 cularis
247 1603 381 1684 collegii,
410 1613 442 1667 et
468 1619 540 1666 oum
567 1602 630 1665 illis
656 1602 801 1684 eJusdem
828 1602 1031 1682 particularis
1058 1600 1183 1682 collegii

131 1699 299 1776 praesidens.
1050 1691 1053 1695 ’

163 1797 216 1859 ιιι
240 1799 297 1862 boc
322 1797 521 1878 paedagogio
544 1814 602 1877 per
624 1814 798 1862 successus
821 1807 999 1877 temporum
1023 1795 1132 1876 plures
1153 1804 1185 1859 et

132 1895 262 1972 diuersae,
279 1897 359 1961 bene
377 1895 532 1978 usquead
549 1896 756 1977 quadraginta
776 1898 867 1970 duas,
885 1911 902 1958 a
919 1895 1055 1958 diversis
1072 1894 1183 1957 sunda-
1253 1923 1256 1930 ⁴

131 1995 229 2057 toribus
244 2005 314 2058 sunt
336 1996 487 2059 fundatae
510 1995 639 2067 bursae,
664 1995 809 2076 quamvis
831 1995 950 2074 dispari
973 2003 1004 2058 et
1025 1991 1183 2073 inaequali

130 2091 367 2166 reditatluorum
377 2093 537 2158 redituum
548 2093 723 2174 assignatio
736 2109 835 2176 prope
846 2093 976 2157 eosdem
990 2109 1046 2156 seu
1060 2091 1182 2154 similos

132 2188 371 2256 babetdebitores
396 2193 427 2254 in
451 2192 589 2256 diversis
607 2193 782 2272 provinciis
798 2203 828 2256 et
844 2191 1030 2266 rebellibus,
1048 2192 1101 2272 qui
1118 2191 1184 2254 tere

132 2302 221 2350 onrres
233 2289 355 2354 insoluti
373 2299 559 2352 manserunt
570 2289 610 2352 ab
622 2307 706 2353 arrno
719 2289 901 2366 [millesimo
914 2289 1181 2370 quingentesimo]

131 2387 336 2466 septuagesimo
351 2397 478 2460 octavo,
496 2387 671 2466 etquidem
688 2387 781 2452 etiam
798 2387 954 2467 pluribus.

162 2505 175 2537 r
188 2483 237 2556 Qui
253 2501 402 2550 uumerus
425 2485 647 2548 bursoriorum
671 2485 703 2546 in
726 2485 890 2559 exercitio,
912 2502 971 2548 usu
998 2493 1029 2548 et
1050 2499 1181 2564 posses·

131 2577 203 2642 sione
221 2581 272 2644 luit
294 2599 395 2662 usque
417 2581 456 2644 ad
480 2583 698 2661 saepedictum
722 2599 838 2647 annom
858 2583 1073 2660 imillesimum
1089 2581 1179 2662 quin·

132 2679 320 2758 geritesinum]
332 2682 605 2762 septuagesimam
617 2690 851 2762 octavumque
863 2699 901 2746 ex
912 2681 975 2761 pant
989 2680 1181 2764 saepedictis

133 2775 217 2840 causis
236 2779 375 2842 militaris
400 2779 551 2858 praesidii
567 2789 599 2844 et
613 2779 808 2845 difficultatis
830 2780 1038 2854 solutionum,
1062 2779 1179 2842 nedum

132 2871 252 2946 bursarii,
277 2878 332 2942 sed
357 2893 470 2942 omnes
497 2894 597 2958 prope
620 2879 714 2942 etiam
737 2879 938 2942 convictores
961 2885 991 2941 ct
1012 2876 1178 2940 scholares

132 2968 220 3034 dimitti
228 2973 455 3047 debuerunt,ita
465 2988 497 3038 ut
511 2979 583 3040 loco
596 2976 723 3040 illorum
738 2993 870 3057 magnus
883 2974 1178 3040 numerusmilitum

133 3072 301 3146 successerit,
320 3089 392 3136 oum
411 3074 551 3152 regentis
567 3082 598 3138 et
614 3075 799 3156 paedagogii
816 3073 1008 3138 intolerabili
1025 3088 1134 3136 onere.

163 3165 255 3232 rllicti
270 3172 453 3252 paedagogii
470 3187 585 3252 regens
601 3181 677 3237 tunc
693 3183 724 3237 et
744 3173 889 3253 pluribus
912 3173 1005 3236 annis
1021 3181 1094 3234 aitte
1109 3178 1177 3234 erat

134 3263 312 3339 estuante
329 3270 490 3350 praesenti
513 3271 618 3334 adbuc
640 3279 700 3344 est,
718 3271 869 3336 dominus
888 3281 919 3334 et
934 3269 1086 3350 magister
1101 3269 1177 3331 blut·

135 3355 220 3424 thaeus
230 3364 339 3442 Badeo,
353 3383 465 3431 sacrae
482 3367 863 3448 theologiaelicentiatas.
879 3368 937 3443 Qui
955 3384 1012 3432 sua
1025 3381 1175 3447 perseve-

136 3463 276 3525 severantia
289 3475 319 3528 et
341 3466 510 3529 tolerantia
536 3465 567 3528 in
591 3467 677 3531 dicto
701 3467 896 3548 paedagogio
915 3467 1002 3530 illius
1018 3463 1172 3538 aedificia,

136 3561 296 3628 quantumvis
318 3563 465 3637 maxima,
483 3564 562 3627 satis
578 3563 700 3644 integra
716 3565 932 3638 conservavit,
950 3573 992 3639 et,
1011 3579 1070 3644 qua
1088 3572 1176 3642 parto

136 3645 294 3732 deficiebant,
311 3661 408 3724 sarsit
422 3671 454 3725 et
471 3662 559 3724 texit.
575 3661 621 3726 lta
643 3663 729 3742 quod
745 3663 777 3725 in
793 3663 855 3726 boc
871 3663 1077 3743 paedagogio,
1095 3661 1175 3726 utin

135 3884 323 3976 lerumlccnois
342 3887 509 3952 Standoncb,
530 3888 634 3960 lorsque
653 3907 723 3944 nous
740 3889 890 3945 donnerons
908 3889 1035 3945 l'bistoire
1054 3887 1086 3944 de
1105 3893 1174 3944 cette

138 3971 255 4027 institution
267 3979 442 4035 emittemmant
455 3979 610 4036 charitablc.

138 4055 366 4198 detllhb'cccroa'tium
384 4070 487 4140 signina
506 4071 539 4126 ici
558 4087 593 4126 un
613 4075 743 4125 enscmble
763 4077 795 4124 de
811 4088 901 4136 ecura,
917 4090 957 4125 arn
970 4090 1049 4126 conrs
1061 4075 1173 4136 complet

172 4163 188 4210 l>
202 4155 316 4220 iloaopbte,
1063 4159 1066 4166 '
