3248 4954
747 361 912 426 ,88-

326 543 529 610 censuerunt
545 553 576 608 et
592 554 727 608 coissent
744 542 874 621 praefati
898 542 1019 607 domini
1043 552 1269 622 comparantes
1286 542 1371 606 illem

284 641 454 724 collegium
478 641 685 707 Vaulrtianurn
711 641 772 706 sub
796 641 969 722 praedictis
992 640 1101 714 morlo,
1127 642 1239 716 forma,
1260 640 1374 705 mediis

284 753 315 806 et
330 739 845 818 conditionibus,transferendum
862 739 893 804 in
910 739 1027 805 dictam
1044 739 1226 804 facultatem
1243 740 1373 814 artium,

284 850 377 920 prout
396 841 593 905 transferunt
610 857 667 920 per
684 849 884 920 praesentes,
909 851 940 903 et
956 838 1018 904 sub
1040 838 1156 921 quibus
1179 839 1272 903 etiam
1288 838 1376 902 dicta

283 937 419 1002 facultas
435 955 492 1019 per
507 937 732 1019 infrascriptos
749 952 829 1002 suos
841 937 998 1002 decanum
1014 945 1046 1002 ct
1061 937 1314 1011 commissarios,
1332 937 1371 1000 ad

283 1037 345 1101 hoc
371 1037 542 1117 deputatos
568 1047 601 1100 et
627 1035 679 1100 nio
705 1035 801 1101 etiam
829 1043 1068 1116 comparantes,
1096 1036 1269 1117 praefatam
1295 1033 1371 1100 tlioti

283 1134 409 1217 collegii
425 1136 589 1201 Vaulxiani
607 1136 638 1199 iu
655 1136 772 1200 dictam
791 1133 973 1200 facultatem
996 1137 1111 1200 artium
1130 1135 1372 1200 translationem

285 1249 358 1298 cum
373 1235 546 1314 gratiarum
559 1235 687 1299 actione
703 1241 911 1313 acceptarunt
926 1243 958 1298 et
973 1241 1139 1314 acceptant
1155 1249 1212 1313 per
1224 1248 1379 1313 praesen-

282 1341 347 1408 tes;
371 1335 595 1413 promittentes
611 1331 741 1414 praefati
765 1331 929 1396 hincinde
951 1344 1187 1414 comparantes,
1211 1341 1371 1396 eteorum

284 1431 413 1512 singuli,
432 1448 468 1495 se
494 1432 711 1512 praescriptas
737 1429 941 1496 conditiones
962 1439 994 1493 et
1008 1430 1251 1494 translationem
1269 1429 1373 1494 invio·

283 1528 422 1593 labiliter
451 1533 692 1605 obserraturoS,
721 1529 781 1593 sub
805 1528 1001 1620 obligatione
1023 1536 1055 1593 et
1078 1529 1313 1592 renuntiatione
1339 1528 1374 1590 in

284 1626 409 1701 forma;
440 1629 675 1693 constituentes
706 1627 882 1709 quemlibet
910 1627 1043 1692 latorem
1081 1627 1296 1708 praesentium
1333 1625 1371 1689 ad

284 1727 462 1806 praemissa
479 1728 585 1791 clunia
598 1731 666 1808 (pro
681 1727 791 1807 majori
804 1726 1071 1791 corroboratione
1084 1737 1115 1791 et
1131 1728 1169 1790 atl
1188 1735 1374 1806 prerpetuam

284 1826 331 1890 rei
355 1826 551 1903 memoriam)
575 1825 795 1891 renovandum
818 1833 849 1888 et
872 1825 1088 1889 realisandum
1113 1843 1221 1890 coram
1251 1825 1373 1905 magni·

285 1921 347 1987 fico
362 1924 493 1989 domino
509 1933 635 1988 rectore
650 1925 755 1988 dictae
770 1924 1011 1999 Universitatis;
1029 1926 1252 2006 promittentes
1271 1933 1375 1988 ratum

290 2031 321 2086 et
337 2031 477 2101 gratum
495 2022 686 2105 obligantes,
703 2033 766 2089 etc.

329 2221 407 2284 Acta
424 2231 499 2285 sunt
515 2221 594 2287 baec
609 2221 751 2300 Lovanii,
769 2225 800 2289 in
818 2241 944 2290 camera
968 2221 1161 2295 academica,
1180 2221 1244 2296 tlie,
1263 2236 1378 2285 mense

289 2328 420 2385 stanno
446 2320 564 2402 quibus
590 2338 697 2398 supra,
727 2324 951 2404 praesentibus
973 2319 1145 2387 Guilielmo
1166 2321 1206 2384 de
1229 2319 1327 2384 Blelre
1342 2330 1375 2383 et

288 2416 470 2482 Alexandro
482 2419 647 2494 Everardi,
662 2421 797 2487 testibus
810 2423 848 2486 ad
866 2421 1040 2503 praemissa
1053 2420 1176 2484 vocatis
1192 2426 1223 2484 et
1239 2417 1373 2500 rogatis.

326 2515 490 2597 Signatum
513 2527 579 2582 erut
603 2538 614 2585 :
636 2520 775 2585 lacobus
798 2521 981 2585 Santvoort.
1004 2554 1045 2565 -
1068 2517 1200 2582 llicbatil
1223 2519 1290 2580 Van
1310 2517 1373 2581 den

287 2613 397 2680 Perre.
415 2651 454 2662 -
469 2620 542 2680 Ant.
561 2619 763 2684 Vermeulon.
788 2656 830 2666 —
844 2620 925 2683 And.
944 2620 984 2683 de
1012 2619 1119 2696 levin,
1145 2617 1305 2681 facultatis
1321 2631 1371 2678 ar-

284 2713 364 2778 tium
392 2731 450 2794 pro
476 2726 622 2797 temporo
649 2719 803 2783 decanus.
831 2754 871 2765 —
898 2717 936 2784 ll.
966 2717 1113 2798 Philippi,
1138 2717 1311 2796 deputatus
1333 2731 1372 2778 cx

286 2821 378 2892 parte
393 2815 594 2879 venerandae
611 2817 769 2881 facultatis
785 2818 912 2881 artium.
940 2851 981 2862 —
995 2815 1107 2890 Weux,
1132 2816 1315 2894 deputatus.
1331 2847 1374 2860 -

284 2911 322 2973 N.
340 2911 439 2994 bleys,
456 2913 639 2995 deputatus.
656 2951 694 2962 -
712 2915 747 2978 P.
765 2915 925 2990 Crerners‚
950 2915 1121 2996 deputatus
1144 2913 1315 2977 facultatis.
1332 2945 1372 2956 -

284 3009 428 3083 liensou,
457 3011 627 3092 deputatus
653 3021 684 3077 ct
711 3031 769 3093 pro
794 3022 939 3094 tempore
962 3011 1122 3077 facultatis
1144 3011 1307 3092 syndicus.
1332 3045 1374 3055 -

285 3105 321 3168 P.
340 3107 487 3182 Lenoire,
506 3113 650 3176 notarius
665 3111 835 3177 facultatis.

322 3405 383 3469 Les
399 3406 489 3470 cures
505 3409 542 3469 tie
564 3407 703 3471 Louoot'rt
727 3409 902 3471 obtiennent
925 3409 955 3472 lc
978 3408 1173 3490 protoilfdes
1188 3425 1328 3472 coarcat

281 3505 389 3582 foveor
403 3505 475 3567 ‹l'un
492 3509 606 3569 cer-tutu
629 3507 753 3572 nombre
773 3508 810 3570 de
825 3509 934 3588 jeunes
955 3527 1028 3590 pens
1050 3509 1087 3571 tle
1108 3509 1191 3572 leurs
1203 3509 1369 3588 paruisses.

672 3657 708 3712 25
727 3659 881 3728 septembre
903 3659 985 3714 1658.

322 3777 416 3839 flnno
442 3792 459 3838 a
483 3776 647 3841 nativitate
672 3778 798 3843 Domini
826 3781 917 3856 toas,
947 3781 1067 3846 mensis
1093 3781 1287 3861 septembris
1315 3779 1373 3844 die

280 3872 435 3954 trigesima
466 3876 588 3955 quinta,
616 3879 781 3942 constituti
810 3889 906 3960 atoue
935 3889 1157 3960 comparantes
1182 3895 1289 3944 coram
1317 3893 1371 3943 rue

280 3973 407 4037 notario
436 3975 566 4055 publico
595 3986 627 4040 et
657 3977 792 4042 testibus
822 3981 903 4042 infra
933 3979 1117 4052 nominatis,
1145 3978 1226 4043 infra
1255 3977 1369 4058 scripti

280 4067 401 4134 domini
417 4073 602 4153 provisores
619 4085 650 4140 et
663 4093 778 4157 regens
793 4077 948 4159 gymnasii
963 4077 1188 4142 sanctissimae
1203 4076 1370 4140 Trinitatis
