3284 4956
910 327 1072 391 ,86-

447 490 519 556 aliis
545 495 705 572 erunibus,
733 519 771 566 ex
793 503 849 568 illo
876 515 1019 588 tempore
1045 509 1149 573 studia
1172 519 1203 574 et
1225 494 1537 574 illorum‘exercitia
1621 551 1622 554 ,

447 589 594 670 plurimis
610 597 702 660 annis
718 604 927 680 cessaverint,
944 617 975 670 et
991 608 1068 671 nulli
1084 608 1221 672 bursarii
1238 607 1278 670 ali
1295 617 1348 671 aut
1364 607 1537 671 scholares

447 687 555 752 doceri
571 695 733 770 potuerint
756 717 857 780 usque
879 703 918 766 ad
941 721 1058 769 antrum
1076 707 1293 783 [millesimum
1309 705 1536 786 quingentesi·
1621 719 1622 732 *

448 790 545 863 mum]
571 795 823 871 octuagesimum
849 802 1016 880 quintum;
1044 821 1107 884 quo
1135 822 1173 868 en
1195 803 1367 868 occasione
1394 801 1536 882 alicujus
1621 793 1622 880 ζ

447 882 619 950 solutionis
632 889 737 955 dictus
750 911 866 974 regens
882 909 1005 978 septem
1018 903 1203 966 successive
1219 901 1387 964 bursarios
1404 900 1536 964 admisit
1621 925 1622 928 ¹

448 989 479 1044 et
508 985 640 1064 recepit,
669 989 709 1054 de
739 993 883 1070 pluribus
913 997 997 1062 idem
1027 1001 1180 1073 lactarus,
1198 1017 1296 1082 quum
1327 999 1536 1079 recipiendae

447 1078 617 1147 solutionis
634 1087 734 1168 ruaj0r
749 1093 810 1156 erit
825 1097 965 1161 occasio.

489 1199 506 1235 u
524 1180 633 1248 llictus
649 1185 799 1254 dominus
816 1209 931 1274 regens
953 1213 991 1259 ex
1008 1206 1214 1278 praeerogata
1233 1197 1366 1277 pecunia
1383 1195 1417 1258 in
1435 1211 1535 1260 onera

449 1277 608 1352 militaria.
627 1287 830 1353 excubiarum
854 1302 885 1354 et
906 1294 979 1366 alia,
996 1297 1036 1359 de
1058 1289 1118 1360 ¹sno
1135 1297 1215 1360 ultra
1235 1305 1363 1374 recepta
1379 1293 1536 1374 expendit
1621 1287 1622 1302 ³

448 1376 529 1438 ultra
545 1393 726 1462 nongentos
742 1387 894 1467 florenos,
921 1402 953 1456 ut
975 1405 1154 1458 constater
1169 1394 1238 1474 eius
1254 1392 1435 1456 novissimo
1449 1407 1534 1454 com·
1621 1439 1622 1486 3

447 1482 524 1552 putu
541 1475 572 1538 in
589 1494 699 1546 mense
712 1484 794 1565 majo
808 1489 981 1554 novissime
995 1492 1166 1570 praeterito
1182 1491 1319 1564 reddito,
1335 1489 1424 1554 nullo
1437 1488 1533 1552 etiam
1621 1487 1622 1530 ἓ

447 1587 506 1649 pro
522 1589 581 1637 suo
597 1591 753 1646 consueto
769 1586 930 1664 stipendio
945 1600 1142 1668 computato.

489 1691 506 1726 >›
523 1671 622 1752 llujtts
638 1683 780 1758 regentis
796 1684 990 1764 stipendium
1007 1705 1065 1768 pro
1079 1689 1167 1752 omni
1182 1704 1258 1752 cura
1274 1697 1305 1752 et
1320 1686 1435 1749 labore
1452 1685 1534 1748 ultra
1621 1751 1622 1754 ,

372 1815 376 1822 .
446 1765 564 1830 vietum
586 1773 669 1838 solet
690 1793 764 1842 esse
785 1781 915 1848 circiter
936 1795 1063 1850 ceritum
1080 1787 1297 1860 florenornm;
1318 1783 1405 1865 quod
1424 1794 1531 1848 tamen

447 1867 670 1944 superioribus
686 1877 789 1952 arenis,
805 1884 946 1962 exceptis
964 1885 1057 1950 nudis
1073 1886 1235 1966 expensis,
1252 1884 1403 1950 cessavit.

488 1985 507 2020 v
522 1965 557 2028 ln
574 1967 635 2033 boc
651 1973 846 2057 paedagogio
861 1981 965 2048 adbuc
980 1983 1091 2062 paucis
1110 1984 1203 2048 annis
1225 1982 1363 2047 eximius
1378 1980 1532 2045 dominns
1621 2029 1622 2036 κ

447 2060 599 2128 Nicolaus
621 2067 766 2150 Nicqnet,
791 2075 936 2142 officialis
957 2080 1154 2154 leodiensis,
1173 2096 1232 2161 pro
1248 2089 1373 2160 septem
1387 2077 1443 2142 vel
1459 2085 1532 2141 octo

446 2158 554 2226 bursis
581 2165 751 2236 fundandis
779 2175 908 2256 reliquit
938 2177 1024 2242 dicto
1054 2180 1251 2260 paedagogio
1277 2176 1533 2258 quadringentos
1621 2195 1622 2248 t

446 2257 591 2325 florenos
605 2281 730 2333 annuos
751 2288 849 2353 super
870 2275 1010 2342 Statilius
1032 2278 1203 2342 comitatus
1228 2274 1461 2341 Namurcensis
1477 2289 1533 2353 per
1621 2291 1622 2360 j

446 2374 540 2424 suum
557 2370 792 2438 testamentum.
810 2371 906 2452 Cujus
924 2374 1100 2440 fundationi
1117 2376 1177 2440 bae
1199 2375 1231 2438 in
1255 2381 1345 2456 perte
1368 2389 1406 2436 se
1429 2385 1532 2451 oppo-
1621 2379 1622 2444 l

446 2466 526 2522 nunt
551 2459 621 2540 ejvs
644 2463 802 2532 haeredes
823 2470 863 2534 ab
889 2471 1050 2547 intestato,
1079 2473 1278 2542 sustinentes
1300 2479 1531 2535 testamentum
1621 2469 1622 2472 ’

447 2571 513 2623 non
527 2573 601 2624 esse
615 2563 780 2630 conditum
796 2569 973 2634 secundum
989 2579 1106 2637 statuta
1120 2581 1151 2636 et
1162 2567 1417 2636 consuetudines
1433 2565 1531 2636 comi·
1621 2607 1622 2668 p

447 2664 530 2720 tatus
545 2657 787 2738 Namurcensis;
806 2665 848 2728 ita
864 2668 949 2746 quod
966 2668 1005 2734 lis
1020 2669 1159 2748 desuper
1172 2668 1318 2749 pendeas
1336 2675 1370 2732 θῑ
1384 2665 1436 2730 8ῑο
1452 2665 1530 2728 113θο
1621 2683 1622 2764 3

447 2752 588 2820 fundatio
604 2758 643 2820 ad
660 2759 808 2826 effectum
825 2764 968 2830 nondum
984 2767 1115 2846 perduci
1132 2767 1244 2848 potuit.
1266 2788 1279 2825 n

830 2944 939 2999 Ectrait
952 2952 984 3002 de
996 2947 1143 3014 cramaee.

491 3077 504 3112 n
522 3053 730 3124 Observatum
743 3079 873 3143 semper
885 3083 1017 3132 numero
1030 3070 1092 3132 boc
1104 3065 1273 3146 collegium
1286 3063 1348 3126 alia
1361 3074 1528 3139 superare,
1621 3071 1622 3108 ὲ

448 3151 501 3214 ubi
531 3155 668 3222 subinde
696 3162 791 3224 unius
826 3164 909 3227 diota
943 3166 1086 3246 magistri
1115 3170 1325 3242 excerpentes
1355 3158 1452 3221 etiam
1483 3156 1530 3218 bis

447 3251 732 3322 exulceratissirnis
749 3263 946 3340 temporibus
962 3266 1071 3328 videre
1087 3273 1137 3328 est
1148 3263 1243 3342 paulo
1255 3259 1398 3322 minores
1411 3258 1530 3320 ducen·
1621 3309 1622 3314 ,

446 3347 499 3420 tis,
517 3349 556 3412 ab
577 3355 671 3418 utrius
691 3358 833 3423 doctoris
855 3377 911 3425 oro
937 3362 1157 3441 pendentes.»
1175 3360 1220 3423 lta
1246 3357 1389 3420 Gannnva
1412 3354 1447 3416 in
1471 3367 1528 3415 sue
1621 3389 1622 3464 }

446 3441 594 3530 L0vanlo,
612 3458 663 3520 ed.
683 3456 773 3532 1708,
791 3475 822 3538 p.
841 3459 891 3522 bl.

489 3683 530 3746 La
545 3683 720 3766 pedagogio
736 3685 778 3749 dn
792 3688 871 3752 l’orc
887 3688 969 3752 avait
983 3704 1063 3768 pour
1078 3685 1246 3749 armoiries
1261 3679 1396 3744 l’animal
1412 3673 1530 3756 auquel

448 3785 510 3849 elle
526 3801 542 3845 a
559 3785 728 3862 empruntd
743 3802 802 3849 sou
819 3803 905 3861 nom,
919 3797 950 3850 et
963 3803 1044 3866 pour
1059 3785 1168 3849 devise
1182 3805 1189 3844 :
1205 3782 1321 3845 Pnncus
1332 3796 1397 3842 utu
1408 3791 1527 3840 odoros.
1621 3799 1622 3866 j

489 3917 537 3979 Au
554 3928 829 3981 cornmeucemant
843 3918 884 3981 du
901 3917 980 3982 XVl⁰
996 3917 1110 3992 siecle,
1127 3915 1276 3980 blattbieu
1293 3914 1333 3977 de
1351 3907 1530 3975 Dordrecbt

450 4032 486 4079 se
501 4029 651 4082 contenta
668 4019 959 4099 d'approprieranx
972 4018 1113 4082 services
1130 4019 1170 4083 de
1188 4033 1222 4081 sa
1240 4014 1417 4098 pedagogio
1440 4027 1472 4079 et
1492 4011 1529 4076 de

451 4139 485 4188 su
501 4127 624 4191 maison
640 4123 834 4188 d’etudiants
854 4139 990 4204 pauvres
1007 4119 1054 4182 les
1070 4121 1178 4184 divers
1194 4117 1364 4182 batiments
1381 4125 1528 4205 contigvs
1621 4125 1622 4158 ³
