3236 4952
728 479 770 492 -
794 445 848 510 131
873 481 913 492 --

320 623 349 688 o)
369 625 498 680 1131133113
517 631 564 680 des
583 626 665 681 Actes
683 632 716 682 313
735 631 764 682 lc
781 632 883 693 turolte
901 633 948 682 1133
967 636 1026 682 3113
1045 644 1080 681 en
1096 625 1166 682 1558
1185 635 1209 682 31
1233 625 1313 682 1559.

315 745 376 812 Ces
399 749 531 813 extraits
554 749 672 816 3113331
695 750 1144 832 3313133313333131,33333
1167 750 1259 832 qu'ils
1284 766 1366 815 nous

273 857 432 928 prouvent
454 849 790 928 333,1333133311133
813 849 1022 915 (1333133133
1042 849 1153 927 siecle,
1172 847 1366 930 133331333-

274 954 361 1010 13331
384 946 601 1029 philologique
623 947 681 1013 des
704 958 817 1029 quatre
840 949 1033 1031 pedagogies
1055 949 1096 1014 da
1112 949 1141 1012 la
1165 947 1282 1013 facultd
1306 947 1364 1014 des

274 1054 342 1114 3313
360 1045 466 1112 331311
486 1065 543 1128 333
558 1049 576 1112 b
592 1049 621 1113 13
638 1049 773 1115 hauteur
796 1052 838 1115 ob
861 1052 882 1114 il
907 1051 1010 1115 333311
1033 1051 1075 1114 du
1092 1059 1294 1125 331333333;
1312 1065 1367 1114 car

275 1147 297 1212 il
315 1145 395 1212 esta
412 1163 598 1229 remarquer
623 1148 693 1230 qu'a
709 1159 792 1215 cette
808 1149 934 1232 dpoque
955 1167 997 1214 on
1014 1148 1204 1230 enseignait,
1221 1149 1302 1213 dans
1318 1147 1366 1214 les

276 1244 471 1328 pedagogies
494 1247 535 1311 de
558 1247 586 1310 13
611 1247 730 1312 1333113
753 1250 811 1314 des
832 1259 909 1324 3313,
930 1265 994 1314 333
1018 1249 1197 1314 seulement
1219 1249 1248 1312 13
1266 1247 1367 1328 pbilo-

275 1345 399 1426 sophie,
418 1345 498 1410 mais
513 1347 601 1410 aussi
623 1363 685 1412 une
709 1347 810 1427 partie
832 1347 889 1413 des
913 1346 1106 1412 humanite's.
1125 1347 1148 1410 ll
1174 1345 1307 1420 resulta,
1325 1363 1365 1411 33

274 1451 380 1521 33133,
404 1443 444 1509 de
470 1461 525 1510 ces
551 1446 684 1510 extralts
707 1463 768 1528 que
795 1447 826 1510 13
853 1445 970 1512 1333113
993 1446 1142 1511 semblait
1166 1444 1315 1510 craindre
1337 1443 1366 1508 13

276 1559 496 1612 33333333333
512 1543 552 1608 de
568 1543 833 1626 l'ensclgnement
849 1543 949 1626 privd.
967 1543 1057 1610 l'oicl
1073 1561 1128 1610 ces
1145 1544 1276 1610 extraits
1294 1565 1302 1606 :

318 1677 409 1740 31113
430 1678 583 1750 mercurii,
610 1679 832 1758 3331133313
856 1679 1023 1742 decembris
1047 1677 1139 1754 1558,
1166 1677 1284 1740 indicta
1308 1675 1367 1739 fuit

275 1774 440 1856 deputatio
455 1775 693 1840 ordinariorum
719 1793 792 1841 cum
808 1777 929 1860 aliquot
945 1777 1130 1842 senioribus
1154 1774 1311 1840 facultatis
1327 1789 1365 1838 33

275 1873 406 1940 domino
429 1873 643 1950 scholastico;
667 1876 800 1940 3113131·
822 1887 928 1941 cetera
949 1876 1068 1940 ibidem
1091 1874 1265 1940 verbaliter
1282 1881 1364 1937 1333-

274 1981 338 2041 1313
360 1973 465 2038 vlsum
489 1971 547 2036 fuit
564 1973 725 2054 deputatis
749 1975 812 2056 tnui
828 1975 924 2039 simul
941 1975 1149 2040 contulerunt
1170 1989 1268 2053 super
1291 1989 1366 2054 sup-

274 2071 447 2152 plicatione
475 2081 507 2136 et
535 2071 762 2136 informatione
788 2083 936 2154 porrecta
965 2090 1022 2153 per
1052 2073 1238 2154 magistrum
1266 2070 1365 2134 Fran·

274 2169 398 2236 ciscum
423 2169 592 2248 Niewlant,
607 2171 647 2236 de
674 2171 837 2242 Gandavo.
852 2171 970 2236 rectori
994 2181 1025 2236 et
1051 2171 1212 2252 deputatis
1228 2168 1364 2233 Univer-

275 2269 379 2334 sitatis
395 2287 468 2334 cum
490 2270 611 2351 aliquot
634 2271 811 2352 assumptis
827 2273 858 2334 13
875 2272 960 2336 bono
977 2287 1111 2335 numero
1127 2278 1158 2334 et
1182 2285 1239 2348 per
1258 2267 1364 2332 dictos

276 2376 435 2432 rectorem
458 2376 490 2432 31
508 2367 677 2448 deputatos
701 2368 925 2434 Universitatis
947 2385 1020 2434 cum
1045 2367 1167 2449 aliquot
1189 2365 1365 2446 assumptis

277 2467 412 2532 remissa
439 2466 477 2530 ad
506 2467 688 2532 facultatem
716 2468 952 2550 artium,)quod
982 2485 1045 2532 non
1075 2467 1116 2532 sit
1145 2482 1279 2531 necesse
1306 2481 1366 2529 333

277 2565 354 2630 31113
370 2565 488 2630 babere
513 2566 621 2647 plures
644 2566 774 2630 sellulas
797 2582 892 2647 33331
915 2575 990 2632 3331
1013 2567 1045 2630 13
1064 2565 1293 2638 universitate,
1312 2563 1366 2628 ubi

271 2663 422 2744 iuventus
448 2663 603 2728 doceatur
627 2665 886 2744 grammaticam
918 2673 950 2728 et
978 2665 1064 2744 quod
1093 2663 1218 2727 13311133
1242 2662 1303 2726 3311
1328 2677 1366 2725 33

274 2761 410 2826 minoris
432 2762 552 2843 negotii
575 2763 720 2826 defectus
743 2772 796 2826 aut
818 2761 951 2838 abusus,
973 2762 1000 2826 si
1022 2762 1076 2843 qui
1099 2761 1165 2825 sint
1185 2761 1219 2823 13
1242 2759 1364 2824 sobolis

274 2857 405 2924 Lovanii
421 2861 644 2935 existentibus,
663 2861 828 2941 corrigere
843 2877 937 2942 quarn
956 2877 1056 2926 novas
1079 2859 1209 2925 scholas
1225 2859 1362 2939 erigere.

273 2958 363 3022 Unde
386 2959 473 3024 illius
499 2960 767 3041 supplicationem
791 2961 957 3024 remittunt
979 2961 1018 3024 ad
1046 2959 1242 3024 facultatem.
1271 2961 1361 3033 3331,

272 3055 352 3132 vlll,
372 3057 427 3123 131.
445 3060 484 3122 al
500 3071 540 3122 rr.

315 3191 405 3252 litte
426 3190 577 3264 3311131111,
602 3193 733 3274 septimo
755 3193 868 3254 mensis
888 3192 1028 3270 januarii
1052 3191 1144 3264 1559,
1161 3189 1281 3254 indicta
1304 3187 1363 3252 fuit

271 3287 435 3368 deputatio
458 3289 518 3353 sub
537 3291 719 3372 juramento
742 3290 917 3355 ordinariis
940 3290 1125 3354 senioribus
1149 3287 1308 3353 facultatis
1323 3303 1363 3352 33

269 3385 445 3451 lectoribus
472 3397 608 3468 quatuor
638 3389 738 3470 magis
768 3388 998 3470 principalibus
1025 3389 1056 3451 in
1088 3387 1293 3469 paedagogiis
1320 3385 1360 3450 ad

268 3486 463 3550 audiendum
500 3487 604 3570 aliqua
643 3489 777 3568 proponi
808 3505 907 3568 super
943 3487 1179 3568 supplicatione
1214 3484 1359 3566 magistri

268 3583 432 3649 francisci
459 3585 641 3650 Nieuwlanl
667 3587 698 3648 in
726 3587 856 3668 scriptis
884 3587 1036 3660 exhibita,
1066 3603 1128 3666 qua
1160 3585 1298 3665 petebat,
1328 3592 1362 3647 31

267 3682 449 3748 13311131331
476 3685 547 3765 eius
578 3703 635 3764 per
665 3685 847 3749 facultatem
874 3685 1118 3764 approbaretur,
1149 3682 1360 3763 approbatum

268 3783 352 3863 apud
376 3784 525 3848 dominos
547 3785 587 3847 de
603 3783 722 3864 oppido
745 3785 1036 3858 commendaretur,
1053 3783 1149 3846 simul
1172 3784 1267 3846 etiam
1286 3797 1359 3844 cum

268 3880 329 3945 alia
355 3881 466 3962 majori
494 3883 728 3964 supplicatione
758 3883 789 3946 in
817 3885 918 3947 forma
945 3883 1044 3947 libelli
1075 3899 1113 3946 33
1137 3879 1359 3946 commentarii

267 3980 418 4056 exhibita,
441 3981 627 4046 continente
649 3982 796 4046 ordinem
819 3981 1093 4063 disponendarum
1117 3981 1302 4045 scholarum
1325 3978 1359 4041 in

267 4079 329 4143 boc
354 4079 474 4161 oppido
491 4079 686 4145 Lovaniensi
717 4089 748 4146 et
779 4081 1041 4145 reformationem
1071 4079 1357 4162 paedagogiorum

268 4193 306 4243 ac
331 4177 404 4244 aliis
423 4179 534 4243 multis
560 4179 592 4241 in
615 4195 651 4244 ea
676 4179 824 4244 narratis.
842 4181 928 4254 Quas
952 4179 1081 4260 quidem
1104 4177 1357 4260 supplicationes
