3252 4954
731 493 915 556 —496-

278 665 442 741 Corbeeck
464 686 495 740 et
517 675 664 739 diversos
691 675 814 740 reditus
841 693 939 756 super
966 674 1117 739 domanio
1144 677 1226 738 Suae
1253 673 1366 755 llejes·

277 774 364 848 tatis,
392 790 490 854 super
516 773 655 836 Stalibus
683 773 870 839 llollnndiae
897 783 928 839 et
950 773 1129 848 zelandiae,
1155 789 1253 852 super
1280 787 1361 835 mar·

274 872 390 937 chione
409 870 593 953 ilerglrensi,
612 871 729 952 oppido
748 872 944 960 Bruxellensi
961 881 991 936 et
1007 873 1091 937 aliis.
1156 947 1160 954 ,

319 971 409 1047 Quod
424 971 454 1034 in
470 988 530 1036 suo
548 971 641 1052 pleno
657 978 740 1036 statu
759 972 816 1036 luit
833 989 917 1036 anno
935 972 1029 1046 tol&
1047 989 1086 1037 cx
1101 987 1165 1052 quo
1182 969 1288 1036 subito
1307 986 1363 1052 per

275 1071 537 1154 superinductam
562 1071 808 1152 hospitationem
832 1072 965 1135 militnm
988 1069 1116 1146 deiecit,
1135 1068 1183 1133 sic
1200 1076 1233 1134 ut
1259 1085 1362 1150 neque

278 1169 478 1252 praesidens,
507 1186 610 1252 neque
637 1170 802 1236 cursarius
829 1189 868 1236 ex
895 1169 949 1234 illo
979 1179 1122 1249 tempore
1149 1167 1180 1230 in
1210 1167 1265 1233 illc
1293 1183 1364 1248 per-

280 1268 443 1341 manserit,
475 1277 506 1332 ct
535 1268 705 1349 collegium
737 1268 785 1333 sic
817 1269 897 1334 male
932 1275 1098 1333 tractatum
1130 1265 1235 1345 luerit,
1271 1274 1303 1330 ut
1334 1264 1365 1328 in

279 1365 389 1432 sclmla
418 1383 475 1430 seu
505 1367 663 1432 auditorio
695 1385 734 1433 ne
764 1383 930 1432 scamnum
960 1367 1089 1448 quidem
1124 1371 1177 1429 aut
1209 1363 1365 1446 pulpitum

280 1465 426 1530 relictum
443 1464 496 1538 sil,
514 1475 546 1529 el
570 1482 681 1546 magna
699 1483 773 1547 pars
795 1465 931 1531 aedilicii
950 1465 1098 1546 prolapsa
1114 1463 1156 1528 sit
1172 1471 1203 1528 et
1220 1471 1363 1536 toalleam

281 1581 340 1629 nec
357 1563 440 1628 unde
463 1565 650 1629 restituatur
671 1565 710 1629 ad
728 1581 855 1630 manum
878 1572 927 1630 est
945 1571 1075 1645 propter
1095 1562 1255 1629 delectum
1279 1561 1364 1626 solu·

281 1661 378 1726 lionis
394 1662 551 1726 dictorum
570 1663 727 1727 redituum
744 1671 776 1728 et
792 1663 920 1727 deserta
935 1662 1060 1726 orrltura
1077 1661 1180 1725 dictae
1196 1659 1300 1725 villae.

323 1760 357 1823 ln
382 1761 540 1841 praesenti
566 1761 598 1823 in
621 1779 660 1825 eo
684 1761 815 1833 habitat,
835 1771 867 1826 et
889 1779 948 1827 suo
975 1767 1103 1842 sumptu
1134 1757 1282 1823 lapillum
1310 1757 1366 1822 alit

277 1857 465 1924 Guilielmus
496 1858 731 1940 lluysmanuus‚
764 1859 892 1940 linguae
926 1859 1042 1924 latinae
1078 1858 1255 1939 professor,
1288 1871 1378 1920 cum·

277 1958 499 2039 expectatione
515 1957 668 2039 plenioris
684 1957 847 2039 stipendii,
866 1975 963 2041 quum
979 1958 1066 2022 illius
1092 1955 1287 2040 percipiendi
1304 1953 1364 2019 erit

280 2056 410 2120 occasio
426 2065 458 2121 et
474 2064 628 2137 potestas.

320 2154 518 2220 Constitutus
533 2172 660 2237 quoque
683 2165 732 2222 ast
752 2156 783 2219 in
795 2157 908 2221 eodem
931 2155 1070 2237 collegio
1086 2155 1212 2236 linguae
1228 2167 1364 2234 graecae

279 2250 1364 2334 professerGuilielmusFabiussubsimiliexpectationestipendii;

279 2352 395 2432 quibus
423 2360 527 2416 lamen
553 2353 691 2429 duobus,
716 2362 749 2418 ut
771 2359 803 2417 et
829 2353 981 2434 magistro
1005 2353 1098 2417 Peleo
1119 2351 1286 2432 Smcugae,
1310 2349 1365 2415 lie·

279 2449 389 2515 braico
400 2451 727 2531 proless01·i‚solvitur
740 2451 996 2532 supplementum
1010 2449 1161 2531 stipendii
1176 2466 1232 2529 per
1248 2449 1366 2529 regiam

278 2547 486 2630 Maiestatem,
509 2549 606 2614 latino
624 2549 798 2630 professori
821 2551 858 2612 nd
887 2547 1097 2631 quadraginta
1121 2547 1274 2620 florenos,
1293 2546 1364 2612 aliis

278 2645 405 2711 duobus
421 2647 459 2712 ad
479 2647 606 2730 triginta
622 2648 788 2729 assignati.

322 2744 422 2826 liuius
451 2746 578 2827 collegii
615 2745 803 2826 praesidens
834 2745 1030 2810 rmvissimus
1058 2745 1115 2808 luit
1151 2744 1300 2808 dominns
1330 2749 1361 2808 el

279 2843 431 2924 magister
444 2843 584 2909 lomnes
600 2845 778 2922 Vernugen,
798 2843 963 2924 utriusque
979 2843 1063 2926 juris
1079 2843 1203 2917 doctor,
1222 2841 1253 2903 in
1277 2857 1363 2904 anno

278 2941 459 3020 [millesimo
489 2943 757 3024 quingentesimo]
786 2941 1007 3024 octuagesimo
1047 2941 1159 3022 quinto
1198 2949 1362 3013 mortuus;

280 3039 335 3104 sed
364 3049 435 3121 post
462 3041 532 3122 ejus
557 3051 690 3105 mortem
719 3057 812 3105 nemo
838 3039 920 3104 alius
943 3039 981 3104 ad
1011 3041 1093 3104 harro
1116 3038 1367 3119 praesidentiam

281 3149 478 3220 assumptus.

321 3237 507 3302 provisores
521 3238 606 3301 illins
622 3247 697 3302 sunt
711 3237 865 3318 plebanus
879 3237 1036 3303 ecelesiae
1052 3236 1155 3301 saneti
1172 3235 1254 3300 Petri
1271 3235 1368 3298 Lora-

281 3335 414 3410 nicosis‚
431 3335 619 3415 praesidens
636 3336 898 3400 sabbathioarum
914 3335 1140 3417 quaestionum
1157 3333 1188 3396 in
1207 3332 1368 3413 theologia

277 3441 308 3496 el
324 3434 412 3514 prior
430 3434 613 3497 monasterii
629 3433 906 3498 carthusiensium
924 3433 1064 3497 lovanii.

321 3631 496 3712 Collegium
525 3630 674 3712 trilingue
700 3632 853 3696 sacellum
883 3632 1091 3713 perexiguum
1119 3630 1265 3704 habehat,
1295 3636 1368 3709 post

279 3729 440 3804 sclrolanr;
458 3728 550 3810 eujus
566 3745 620 3792 ara
637 3731 710 3794 divo
727 3731 917 3794 Fransoisco
931 3738 999 3794 erat
1014 3730 1128 3793 dicata.
1146 3729 1193 3791 llli
1212 3727 1367 3792 struendo

280 3827 416 3907 primum
434 3827 569 3908 lapidem
588 3837 740 3908 posuerat
756 3831 791 3892 ll
808 3829 880 3910 julii
897 3827 977 3890 llild
992 3828 1148 3909 Georgius
1171 3827 1209 3890 ab
1225 3825 1366 3900 nustria,

280 3924 489 3990 lovaniensis
503 3929 705 4008 praepositus
721 3937 754 3993 et
770 3927 996 4003 cancellarius,
1011 3927 1065 4008 qui
1078 3935 1109 3992 et
1126 3925 1268 3990 moriens
1283 3939 1368 3989 anno

280 4021 359 4085 1619
396 4025 533 4108 collegio
567 4027 704 4092 reditum
741 4043 881 4091 arrrruum
909 4026 1136 4108 quinquaginta
1171 4024 1367 4088 llorcnorum

279 4119 410 4201 legavit.

319 4221 557 4288 Testamentum
586 4224 768 4306 llieronymi
793 4225 832 4289 de
851 4224 1022 4290 Busleiden
1047 4224 1190 4305 reperies
1209 4222 1242 4285 in
1258 4222 1366 4284 llmnm

279 4339 313 4384 er
331 4321 460 4386 Feruens
476 4323 607 4405 Operum
623 4324 886 4405 diplomult'corum
902 4332 989 4390 tomo
1008 4324 1058 4398 lt',
1077 4341 1128 4406 pp.
1146 4321 1295 4386 cle-648.
