3236 4952
715 370 903 433 -lat-

256 553 412 634 privatas,
438 551 584 616 sedendo
608 552 638 615 id
665 552 780 618 ordine
802 553 915 616 saltem
939 551 970 614 10
994 551 1096 616 altero
1119 552 1349 634 collegiorum:

261 651 335 715 item
368 650 585 714 vacantiarum
616 658 648 714 et
678 649 840 729 formales,
874 650 935 715 sub
966 667 1068 730 poena
1100 651 1194 715 unius
1224 653 1350 729 stuleri,

261 749 390 830 quoties
413 749 572 814 abluerint
593 749 715 830 absque
738 766 890 830 expressa
911 750 1126 832 praesidentis
1149 751 1349 818 dimissione.

305 848 482 928 Numquam
500 847 594 912 etiam
619 855 768 929 poterunt
784 848 900 913 abesse
923 848 961 912 ab
977 848 1096 930 oppido
1113 849 1315 930 lovaniensi,
1333 867 1351 914 a

261 947 408 1030 prandio,
426 965 540 1020 coena,
557 947 740 1024 collatione,
758 948 884 1013 etiamsi
909 948 939 1010 in
963 947 1114 1014 cubiculo
1137 966 1197 1014 suo
1221 966 1351 1016 manere

260 1048 396 1122 vellent;
416 1063 518 1128 neque
545 1057 620 1128 post
635 1064 769 1112 coenam
794 1049 826 1110 111
843 1047 980 1128 collegio
996 1056 1157 1128 peractam
1182 1056 1235 1113 aut
1251 1049 1349 1114 colla·

259 1145 379 1210 tionem
396 1147 483 1210 exire
498 1146 670 1226 collegium
692 1146 814 1227 absque
830 1163 983 1226 expressa
1007 1147 1222 1229 praesidentis
1238 1147 1350 1214 dimis-

260 1245 364 1321 sione.
382 1245 443 1309 sub
460 1261 563 1325 poena
581 1245 677 1310 unius
694 1245 821 1309 stuleri.

302 1343 378 1407 ltem
402 1344 597 1425 omnesqui
624 1345 658 1408 10
681 1345 741 1408 lrac
764 1344 880 1408 lamilia
905 1346 1202 1420 commorabuntur,
1227 1361 1353 1427 campa·

262 1445 335 1507 nula
349 1443 442 1523 jussu
461 1443 676 1523 praesidentis
693 1443 829 1523 pulsata,
848 1459 919 1508 mox
935 1459 1124 1524 comparere
1144 1443 1350 1522 tenebuntur,

262 1551 292 1608 et
316 1542 530 1608 benedictioni
554 1543 729 1624 gratiisque
752 1543 929 1617 inter-essm
952 1552 994 1620 et,
1012 1544 1039 1608 si
1063 1543 1170 1608 serius
1193 1543 1350 1619 venerint,

263 1642 375 1706 ultimo
391 1641 463 1706 loco
480 1642 607 1706 sedere.

305 1741 383 1805 ltem
407 1740 538 1806 ultimus
561 1739 685 1805 intrans
712 1741 872 1805 tenebitur
894 1740 925 1804 in
953 1739 1088 1822 prandio
1111 1749 1143 1805 et
1166 1757 1266 1806 coena
1293 1758 1350 1807 seu

262 1841 432 1906 0011011000
448 1851 594 1907 sternere
618 1858 773 1916 mensam,
791 1858 918 1922 panem,
936 1840 1125 1906 cerevisiam
1148 1857 1350 1906 communem

262 1947 292 2004 et
319 1940 453 2004 obsonia
480 1941 518 2004 ad
547 1957 688 2005 mensam
717 1941 844 2006 adlerre
867 1951 898 2005 et
914 1941 1046 2016 reterre,
1064 1943 1138 2006 etsi
1163 1941 1238 2022 quid
1265 1941 1351 2005 aliud

253 2039 419 2121 ‚eiusmodi
435 2039 544 2112 luerit,
563 2041 646 2120 quod
665 2039 853 2119 praesidens
870 2039 899 2104 ei
916 2037 1146 2120 injungendum
1163 2039 1301 2104 duxerit.

305 2139 380 2202 Post
405 2138 662 2203 benedictionem
691 2155 821 2204 mensae
844 2155 973 2219 semper
995 2138 1120 2220 legetur
1144 2155 1240 2203 unum
1264 2137 1351 2218 capi-

262 2237 360 2302 tulum
385 2237 415 2300 in
441 2236 571 2310 bibliis;
596 2253 661 2317 ouo
683 2237 845 2316 absoluto,
864 2247 1014 2318 poterunt
1036 2237 1119 2302 inter
1141 2255 1177 2303 se
1200 2239 1353 2303 decenter

261 2336 422 2401 conterre.

303 2435 335 2497 ln
352 2433 464 2516 gratiis
481 2451 558 2500 vero
574 2452 631 2516 per
647 2421 895 2516 praesidentem,
914 2444 968 2499 aut
983 2435 1080 2500 alium
1103 2451 1160 2515 per
1176 2451 1248 2498 eum
1265 2433 1353 2498 ordi·

260 2533 413 2607 nandum,
439 2533 587 2598 dicendis
611 2534 737 2614 legetur
761 2535 805 2597 lle
825 2534 985 2615 profundis
1009 2543 1085 2608 etc..
1111 2549 1184 2597 cum
1207 2533 1352 2598 oratione

260 2632 343 2695 Deus
358 2634 463 2696 versiae
478 2644 509 2698 et
527 2631 679 2696 Fidelium
696 2650 754 2712 pro
771 2633 1006 2697 fundatoribus.
1025 2632 1112 2706 Quae
1132 2631 1240 2696 omnia
1256 2631 1350 2695 simul

225 2747 332 2824 -qcum
359 2731 483 2812 psalmo
509 2735 656 2797 Miserere
681 2733 741 2794 mci
769 2733 859 2806 deus,
888 2739 965 2808 etc,
990 2747 1007 2794 a
1031 2731 1168 2812 singulis
1194 2729 1351 2796 burseriis

259 2827 354 2893 etlam
370 2830 513 2910 quotidie
530 2831 676 2912 privatim
694 2829 755 2910 legi
773 2830 946 2895 debebunt.

302 2927 579 3004 luterbursarios‚
593 2929 645 3009 qui
665 2929 784 2993 nullum
802 2929 834 2992 10
852 2929 1012 3010 theologia
1029 2929 1162 3010 gradum
1177 2927 1350 3002 habebunt,

259 3027 442 3094 servabitur
464 3027 623 3091 inmensa
647 3037 680 3092 et
701 3027 860 3092 cubiculis
884 3028 963 3092 ordo
988 3027 1151 3092 introitus.
1171 3027 1258 3092 luter
1281 3025 1352 3091 reli-

259 3142 340 3206 quos
366 3142 443 3190 vero
469 3127 651 3192 servabitur
677 3127 758 3192 ordo
784 3127 926 3204 subolae,
953 3127 1013 3191 nisi
1043 3127 1236 3207 praesidenti
1264 3125 1349 3191 aliud

257 3224 416 3289 videatur.

300 3323 378 3388 ltem
414 3341 528 3388 omnes
564 3325 703 3389 bursarii
741 3325 933 3390 tenebuntur
973 3325 1052 3390 loris
1090 3325 1240 3389 incedere
1275 3339 1348 3386 cum

256 3423 387 3504 caputio
414 3424 600 3506 magistrali.
628 3425 666 3489 Et
689 3425 716 3488 01
744 3425 932 3506 praesidens
960 3425 1154 3506 compererit
1179 3433 1233 3488 aut
1260 3422 1351 3486 intel·

257 3521 371 3586 lexerit
393 3523 522 3602 saepius
545 3532 600 3587 aut
614 3523 839 3604 intempestive
861 3524 988 3606 aliquos
1011 3526 1138 3600 abesse,
1159 3523 1219 3587 sub
1243 3537 1346 3603 poena

256 3619 425 3700 ejectionis
442 3629 493 3684 aut
512 3621 573 3684 alia
594 3622 683 3701 graui
701 3621 858 3688 inhibebit
875 3623 1064 3705 simpliciter
1086 3624 1135 3687 vel
1152 3623 1190 3686 ad
1208 3631 1346 3702 tempus,

258 3736 298 3784 ne
320 3720 442 3800 absque
465 3737 524 3785 suo
540 3737 702 3786 consensu
726 3722 898 3804 collegium
919 3723 1056 3788 interdiu
1081 3730 1206 3794 exeant,
1225 3720 1286 3784 nisi
1307 3719 1346 3784 ad

257 3819 411 3900 templum
445 3827 477 3884 et
519 3821 650 3885 subolae
686 3821 859 3898 exercitia;
897 3822 1015 3903 quibus
1046 3821 1197 3902 peractis,
1240 3817 1346 3882 statim

256 3927 427 3982 tencantur
442 3919 574 3982 domum
592 3919 709 3984 redire.

238 4087 242 4096 ,
297 4015 328 4078 Si
346 4033 423 4081 vero
443 4017 636 4097 compererit
652 4018 779 4099 aliquos
796 4019 826 4080 in
846 4017 988 4083 tabernis
1004 4018 1136 4082 vinariis
1153 4027 1206 4082 aut
1222 4014 1346 4081 cerevi-

240 4113 376 4210 10101110,
390 4123 444 4180 001
461 4115 555 4180 etiam
571 4133 643 4181 cum
657 4115 756 4184 sociis
773 4125 861 4182 extra
875 4117 999 4198 prandii
1016 4127 1069 4181 aut
1086 4132 1206 4182 coenae
1220 4123 1346 4196 tempus
