<?xml version="1.0" encoding="UTF-8"?>
<!DOCTYPE html PUBLIC "-//W3C//DTD XHTML 1.0 Transitional//EN"
    "http://www.w3.org/TR/xhtml1/DTD/xhtml1-transitional.dtd">
<html xmlns="http://www.w3.org/1999/xhtml" xml:lang="en" lang="en">
 <head>
  <title>
</title>
<meta http-equiv="Content-Type" content="text/html;charset=utf-8" />
  <meta name='ocr-system' content='tesseract 3.04.00' />
  <meta name='ocr-capabilities' content='ocr_page ocr_carea ocr_par ocr_line ocrx_word'/>
</head>
<body>
  <div class='ocr_page' id='page_1' title='image "./documentsrelati01reusgoog/documentsrelati01reusgoog_0663.png"; bbox 0 0 3248 4954; ppageno 0'>
   <div class='ocr_carea' id='block_1_1' title="bbox 744 387 907 450">
    <p class='ocr_par' dir='ltr' id='par_1_1' title="bbox 744 387 907 450">
     <span class='ocr_line' id='line_1_1' title="bbox 744 387 907 450; baseline -0.006 -17"><span class='ocrx_word' id='word_1_1' title='bbox 744 387 907 450; x_wconf 70' lang='lat'>..89-</span> 
     </span>
    </p>
   </div>
   <div class='ocr_carea' id='block_1_2' title="bbox 270 565 1372 2433">
    <p class='ocr_par' dir='ltr' id='par_1_2' title="bbox 270 565 1372 2433">
     <span class='ocr_line' id='line_1_2' title="bbox 277 565 1369 648; baseline 0.004 -18"><span class='ocrx_word' id='word_1_2' title='bbox 277 567 311 632; x_wconf 90' lang='lat' dir='ltr'>in</span> <span class='ocrx_word' id='word_1_3' title='bbox 333 565 396 633; x_wconf 90' lang='lat' dir='ltr'>boe</span> <span class='ocrx_word' id='word_1_4' title='bbox 417 565 539 648; x_wconf 91' lang='lat' dir='ltr'>oppido</span> <span class='ocrx_word' id='word_1_5' title='bbox 554 567 759 642; x_wconf 82' lang='lat' dir='ltr'>boraniensi;</span> <span class='ocrx_word' id='word_1_6' title='bbox 777 567 831 648; x_wconf 83' lang='lat' dir='ltr'>qui</span> <span class='ocrx_word' id='word_1_7' title='bbox 853 565 887 632; x_wconf 92' lang='lat' dir='ltr'>in</span> <span class='ocrx_word' id='word_1_8' title='bbox 909 567 1200 634; x_wconf 75' lang='lat' dir='ltr'><strong>remunerationem</strong></span> <span class='ocrx_word' id='word_1_9' title='bbox 1224 567 1369 636; x_wconf 85' lang='lat' dir='ltr'>liberatis</span> 
     </span>
     <span class='ocr_line' id='line_1_3' title="bbox 276 665 1365 751; baseline 0.004 -19"><span class='ocrx_word' id='word_1_10' title='bbox 276 665 538 744; x_wconf 87' lang='lat' dir='ltr'>contributionis‚</span> <span class='ocrx_word' id='word_1_11' title='bbox 569 683 664 749; x_wconf 83' lang='lat' dir='ltr'>quam</span> <span class='ocrx_word' id='word_1_12' title='bbox 694 666 863 734; x_wconf 84' lang='lat' dir='ltr'>reverendi</span> <span class='ocrx_word' id='word_1_13' title='bbox 893 666 1015 734; x_wconf 90' lang='lat' dir='ltr'>domini</span> <span class='ocrx_word' id='word_1_14' title='bbox 1046 679 1194 748; x_wconf 88' lang='lat' dir='ltr'>pastores</span> <span class='ocrx_word' id='word_1_15' title='bbox 1224 669 1365 751; x_wconf 83' lang='lat' dir='ltr'>quinque</span> 
     </span>
     <span class='ocr_line' id='line_1_4' title="bbox 276 767 1372 851; baseline 0.004 -18"><span class='ocrx_word' id='word_1_16' title='bbox 276 767 501 850; x_wconf 73' lang='lat' dir='ltr'>parochiarum</span> <span class='ocrx_word' id='word_1_17' title='bbox 525 767 682 848; x_wconf 77' lang='lat' dir='ltr'>praedicti</span> <span class='ocrx_word' id='word_1_18' title='bbox 705 769 814 851; x_wconf 79' lang='lat' dir='ltr'>oppidi</span> <span class='ocrx_word' id='word_1_19' title='bbox 838 768 984 835; x_wconf 86' lang='lat' dir='ltr'>iecerunt</span> <span class='ocrx_word' id='word_1_20' title='bbox 1006 768 1038 832; x_wconf 91' lang='lat' dir='ltr'>in</span> <span class='ocrx_word' id='word_1_21' title='bbox 1061 768 1242 835; x_wconf 83' lang='lat' dir='ltr'>subsidium</span> <span class='ocrx_word' id='word_1_22' title='bbox 1265 777 1372 836; x_wconf 75' lang='lat' dir='ltr'>struo·</span> 
     </span>
     <span class='ocr_line' id='line_1_5' title="bbox 275 867 1368 949; baseline 0.001 -18"><span class='ocrx_word' id='word_1_23' title='bbox 275 873 368 932; x_wconf 90' lang='lat' dir='ltr'>turae</span> <span class='ocrx_word' id='word_1_24' title='bbox 383 867 538 947; x_wconf 90' lang='lat' dir='ltr'>praedicti</span> <span class='ocrx_word' id='word_1_25' title='bbox 554 868 723 948; x_wconf 80' lang='lat' dir='ltr'>gymnasii,</span> <span class='ocrx_word' id='word_1_26' title='bbox 743 868 973 948; x_wconf 87' lang='lat' dir='ltr'>promiserunt,</span> <span class='ocrx_word' id='word_1_27' title='bbox 991 877 1087 948; x_wconf 86' lang='lat' dir='ltr'>prout</span> <span class='ocrx_word' id='word_1_28' title='bbox 1105 868 1294 949; x_wconf 87' lang='lat' dir='ltr'>promittunt</span> <span class='ocrx_word' id='word_1_29' title='bbox 1309 884 1368 949; x_wconf 88' lang='lat' dir='ltr'>per</span> 
     </span>
     <span class='ocr_line' id='line_1_6' title="bbox 275 965 1366 1048; baseline 0.003 -20"><span class='ocrx_word' id='word_1_30' title='bbox 275 974 478 1046; x_wconf 80' lang='lat' dir='ltr'>praesentes,</span> <span class='ocrx_word' id='word_1_31' title='bbox 495 966 631 1047; x_wconf 89' lang='lat' dir='ltr'>singulis</span> <span class='ocrx_word' id='word_1_32' title='bbox 653 967 746 1032; x_wconf 88' lang='lat' dir='ltr'>annis</span> <span class='ocrx_word' id='word_1_33' title='bbox 762 967 916 1032; x_wconf 89' lang='lat' dir='ltr'>docturos</span> <span class='ocrx_word' id='word_1_34' title='bbox 939 981 998 1046; x_wconf 91' lang='lat' dir='ltr'>per</span> <span class='ocrx_word' id='word_1_35' title='bbox 1012 982 1091 1032; x_wconf 92' lang='lat' dir='ltr'>suns</span> <span class='ocrx_word' id='word_1_36' title='bbox 1110 965 1185 1031; x_wconf 88' lang='lat' dir='ltr'>dicti</span> <span class='ocrx_word' id='word_1_37' title='bbox 1207 965 1366 1048; x_wconf 80' lang='lat' dir='ltr'>gymnasii</span> 
     </span>
     <span class='ocr_line' id='line_1_7' title="bbox 275 1063 1365 1146; baseline 0.002 -18"><span class='ocrx_word' id='word_1_38' title='bbox 275 1063 1365 1146; x_wconf 82' lang='lat' dir='ltr'>magistrossexadoteseemes,adstudiumbumaniorumcapaces,</span> 
     </span>
     <span class='ocr_line' id='line_1_8' title="bbox 274 1163 1366 1245; baseline 0.001 -16"><span class='ocrx_word' id='word_1_39' title='bbox 274 1178 314 1229; x_wconf 85' lang='lat' dir='ltr'>ex</span> <span class='ocrx_word' id='word_1_40' title='bbox 338 1164 488 1245; x_wconf 89' lang='lat' dir='ltr'>parocbia</span> <span class='ocrx_word' id='word_1_41' title='bbox 511 1165 614 1230; x_wconf 89' lang='lat' dir='ltr'>sancti</span> <span class='ocrx_word' id='word_1_42' title='bbox 634 1165 731 1240; x_wconf 88' lang='lat' dir='ltr'>Petri,</span> <span class='ocrx_word' id='word_1_43' title='bbox 749 1163 1007 1232; x_wconf 86' lang='lat' dir='ltr'>denominandos</span> <span class='ocrx_word' id='word_1_44' title='bbox 1030 1181 1087 1245; x_wconf 92' lang='lat' dir='ltr'>per</span> <span class='ocrx_word' id='word_1_45' title='bbox 1109 1165 1275 1230; x_wconf 90' lang='lat' dir='ltr'>dominum</span> <span class='ocrx_word' id='word_1_46' title='bbox 1299 1166 1366 1245; x_wconf 88' lang='lat' dir='ltr'>pie-</span> 
     </span>
     <span class='ocr_line' id='line_1_9' title="bbox 276 1260 1369 1346; baseline 0.003 -21"><span class='ocrx_word' id='word_1_47' title='bbox 276 1260 395 1326; x_wconf 86' lang='lat' dir='ltr'>banum</span> <span class='ocrx_word' id='word_1_48' title='bbox 411 1271 442 1328; x_wconf 89' lang='lat' dir='ltr'>et</span> <span class='ocrx_word' id='word_1_49' title='bbox 454 1264 626 1342; x_wconf 86' lang='lat' dir='ltr'>magistros</span> <span class='ocrx_word' id='word_1_50' title='bbox 643 1280 774 1330; x_wconf 87' lang='lat' dir='ltr'>mensae</span> <span class='ocrx_word' id='word_1_51' title='bbox 789 1281 965 1346; x_wconf 89' lang='lat' dir='ltr'>pauperum</span> <span class='ocrx_word' id='word_1_52' title='bbox 982 1263 1114 1340; x_wconf 89' lang='lat' dir='ltr'>ibidem,</span> <span class='ocrx_word' id='word_1_53' title='bbox 1126 1273 1159 1329; x_wconf 85' lang='lat' dir='ltr'>et</span> <span class='ocrx_word' id='word_1_54' title='bbox 1174 1281 1214 1330; x_wconf 88' lang='lat' dir='ltr'>ex</span> <span class='ocrx_word' id='word_1_55' title='bbox 1229 1263 1369 1345; x_wconf 87' lang='lat' dir='ltr'>singulis</span> 
     </span>
     <span class='ocr_line' id='line_1_10' title="bbox 275 1359 1366 1444; baseline 0.005 -20"><span class='ocrx_word' id='word_1_56' title='bbox 275 1359 347 1424; x_wconf 85' lang='lat' dir='ltr'>aliis</span> <span class='ocrx_word' id='word_1_57' title='bbox 377 1362 575 1428; x_wconf 81' lang='lat' dir='ltr'>restantibus</span> <span class='ocrx_word' id='word_1_58' title='bbox 605 1362 767 1443; x_wconf 87' lang='lat' dir='ltr'>parocbiis</span> <span class='ocrx_word' id='word_1_59' title='bbox 796 1362 873 1429; x_wconf 91' lang='lat' dir='ltr'>dicti</span> <span class='ocrx_word' id='word_1_60' title='bbox 903 1363 1013 1444; x_wconf 90' lang='lat' dir='ltr'>oppidi</span> <span class='ocrx_word' id='word_1_61' title='bbox 1043 1370 1120 1438; x_wconf 89' lang='lat' dir='ltr'>tres,</span> <span class='ocrx_word' id='word_1_62' title='bbox 1152 1361 1366 1430; x_wconf 85' lang='lat' dir='ltr'>conficientes</span> 
     </span>
     <span class='ocr_line' id='line_1_11' title="bbox 274 1457 1362 1544; baseline 0.003 -22"><span class='ocrx_word' id='word_1_63' title='bbox 274 1457 370 1523; x_wconf 88' lang='lat' dir='ltr'>simul</span> <span class='ocrx_word' id='word_1_64' title='bbox 393 1476 562 1526; x_wconf 89' lang='lat' dir='ltr'>numerum</span> <span class='ocrx_word' id='word_1_65' title='bbox 585 1461 764 1528; x_wconf 80' lang='lat' dir='ltr'>octodecim</span> <span class='ocrx_word' id='word_1_66' title='bbox 780 1461 853 1543; x_wconf 88' lang='lat' dir='ltr'>;qui</span> <span class='ocrx_word' id='word_1_67' title='bbox 877 1479 940 1527; x_wconf 91' lang='lat' dir='ltr'>non</span> <span class='ocrx_word' id='word_1_68' title='bbox 965 1461 1082 1543; x_wconf 88' lang='lat' dir='ltr'>poterit</span> <span class='ocrx_word' id='word_1_69' title='bbox 1103 1461 1225 1544; x_wconf 87' lang='lat' dir='ltr'>augeri,</span> <span class='ocrx_word' id='word_1_70' title='bbox 1251 1462 1308 1527; x_wconf 92' lang='lat' dir='ltr'>sed</span> <span class='ocrx_word' id='word_1_71' title='bbox 1332 1463 1362 1525; x_wconf 90' lang='lat' dir='ltr'>in</span> 
     </span>
     <span class='ocr_line' id='line_1_12' title="bbox 272 1556 1363 1642; baseline 0.005 -22"><span class='ocrx_word' id='word_1_72' title='bbox 272 1556 356 1624; x_wconf 87' lang='lat' dir='ltr'>ineis</span> <span class='ocrx_word' id='word_1_73' title='bbox 371 1558 589 1625; x_wconf 84' lang='lat' dir='ltr'>deficientium</span> <span class='ocrx_word' id='word_1_74' title='bbox 606 1578 662 1627; x_wconf 93' lang='lat' dir='ltr'>seu</span> <span class='ocrx_word' id='word_1_75' title='bbox 680 1562 896 1628; x_wconf 83' lang='lat' dir='ltr'>recedentium</span> <span class='ocrx_word' id='word_1_76' title='bbox 914 1569 1119 1626; x_wconf 87' lang='lat' dir='ltr'>assumentur</span> <span class='ocrx_word' id='word_1_77' title='bbox 1134 1560 1186 1625; x_wconf 87' lang='lat' dir='ltr'>alii</span> <span class='ocrx_word' id='word_1_78' title='bbox 1205 1561 1363 1642; x_wconf 87' lang='lat' dir='ltr'>usquead</span> 
     </span>
     <span class='ocr_line' id='line_1_13' title="bbox 274 1655 1361 1742; baseline 0.008 -22"><span class='ocrx_word' id='word_1_79' title='bbox 274 1655 395 1721; x_wconf 91' lang='lat' dir='ltr'>dictum</span> <span class='ocrx_word' id='word_1_80' title='bbox 426 1675 606 1736; x_wconf 90' lang='lat' dir='ltr'>numerum,</span> <span class='ocrx_word' id='word_1_81' title='bbox 635 1659 732 1742; x_wconf 86' lang='lat' dir='ltr'>idque</span> <span class='ocrx_word' id='word_1_82' title='bbox 759 1661 860 1742; x_wconf 87' lang='lat' dir='ltr'>gratis</span> <span class='ocrx_word' id='word_1_83' title='bbox 889 1669 921 1725; x_wconf 91' lang='lat' dir='ltr'>et</span> <span class='ocrx_word' id='word_1_84' title='bbox 950 1660 1021 1726; x_wconf 90' lang='lat' dir='ltr'>sine</span> <span class='ocrx_word' id='word_1_85' title='bbox 1046 1659 1154 1740; x_wconf 87' lang='lat' dir='ltr'>aliquo</span> <span class='ocrx_word' id='word_1_86' title='bbox 1184 1659 1361 1741; x_wconf 72' lang='lat' dir='ltr'>stipendioa</span> 
     </span>
     <span class='ocr_line' id='line_1_14' title="bbox 273 1755 1363 1839; baseline 0.003 -20"><span class='ocrx_word' id='word_1_87' title='bbox 273 1755 486 1821; x_wconf 89' lang='lat' dir='ltr'>nibilominus</span> <span class='ocrx_word' id='word_1_88' title='bbox 494 1759 734 1839; x_wconf 84' lang='lat' dir='ltr'>eruntexempti</span> <span class='ocrx_word' id='word_1_89' title='bbox 748 1758 787 1823; x_wconf 89' lang='lat' dir='ltr'>ab</span> <span class='ocrx_word' id='word_1_90' title='bbox 803 1758 956 1824; x_wconf 89' lang='lat' dir='ltr'>omnibus</span> <span class='ocrx_word' id='word_1_91' title='bbox 971 1758 1126 1824; x_wconf 91' lang='lat' dir='ltr'>oneribus</span> <span class='ocrx_word' id='word_1_92' title='bbox 1138 1775 1156 1822; x_wconf 86' lang='lat' dir='ltr'>a</span> <span class='ocrx_word' id='word_1_93' title='bbox 1169 1757 1363 1838; x_wconf 90' lang='lat' dir='ltr'>pauperibus</span> 
     </span>
     <span class='ocr_line' id='line_1_15' title="bbox 271 1855 1363 1940; baseline 0.003 -23"><span class='ocrx_word' id='word_1_94' title='bbox 271 1855 428 1933; x_wconf 86' lang='lat' dir='ltr'>praestari</span> <span class='ocrx_word' id='word_1_95' title='bbox 445 1856 564 1922; x_wconf 83' lang='lat' dir='ltr'>solitis.</span> <span class='ocrx_word' id='word_1_96' title='bbox 583 1858 686 1923; x_wconf 82' lang='lat' dir='ltr'>Penes</span> <span class='ocrx_word' id='word_1_97' title='bbox 708 1875 791 1940; x_wconf 87' lang='lat' dir='ltr'>quos</span> <span class='ocrx_word' id='word_1_98' title='bbox 806 1869 954 1940; x_wconf 90' lang='lat' dir='ltr'>pastores</span> <span class='ocrx_word' id='word_1_99' title='bbox 977 1858 1037 1923; x_wconf 84' lang='lat' dir='ltr'>erit</span> <span class='ocrx_word' id='word_1_100' title='bbox 1051 1866 1193 1939; x_wconf 88' lang='lat' dir='ltr'>potestas</span> <span class='ocrx_word' id='word_1_101' title='bbox 1210 1873 1363 1938; x_wconf 89' lang='lat' dir='ltr'>praesen·</span> 
     </span>
     <span class='ocr_line' id='line_1_16' title="bbox 271 1952 1363 2036; baseline 0.004 -20"><span class='ocrx_word' id='word_1_102' title='bbox 271 1952 359 2016; x_wconf 88' lang='lat' dir='ltr'>tandi</span> <span class='ocrx_word' id='word_1_103' title='bbox 386 1952 482 2018; x_wconf 88' lang='lat' dir='ltr'>dictis</span> <span class='ocrx_word' id='word_1_104' title='bbox 505 1956 766 2036; x_wconf 86' lang='lat' dir='ltr'>comparantibus</span> <span class='ocrx_word' id='word_1_105' title='bbox 792 1955 897 2022; x_wconf 87' lang='lat' dir='ltr'>dictos</span> <span class='ocrx_word' id='word_1_106' title='bbox 923 1973 1003 2022; x_wconf 90' lang='lat' dir='ltr'>suos</span> <span class='ocrx_word' id='word_1_107' title='bbox 1029 1956 1210 2036; x_wconf 84' lang='lat' dir='ltr'>respective</span> <span class='ocrx_word' id='word_1_108' title='bbox 1236 1955 1363 2020; x_wconf 79' lang='lat' dir='ltr'>adoles-</span> 
     </span>
     <span class='ocr_line' id='line_1_17' title="bbox 270 2052 1363 2136; baseline 0.001 -22"><span class='ocrx_word' id='word_1_109' title='bbox 270 2061 393 2116; x_wconf 86' lang='lat' dir='ltr'>centes.</span> <span class='ocrx_word' id='word_1_110' title='bbox 411 2052 445 2116; x_wconf 88' lang='lat' dir='ltr'>in</span> <span class='ocrx_word' id='word_1_111' title='bbox 461 2052 554 2133; x_wconf 77' lang='lat' dir='ltr'>cuius</span> <span class='ocrx_word' id='word_1_112' title='bbox 576 2053 783 2136; x_wconf 81' lang='lat' dir='ltr'>obligationis</span> <span class='ocrx_word' id='word_1_113' title='bbox 800 2054 982 2122; x_wconf 86' lang='lat' dir='ltr'>firmitatem</span> <span class='ocrx_word' id='word_1_114' title='bbox 1005 2063 1038 2121; x_wconf 91' lang='lat' dir='ltr'>et</span> <span class='ocrx_word' id='word_1_115' title='bbox 1053 2053 1218 2136; x_wconf 91' lang='lat' dir='ltr'>perpetuis</span> <span class='ocrx_word' id='word_1_116' title='bbox 1245 2052 1363 2119; x_wconf 78' lang='lat' dir='ltr'>futuris</span> 
     </span>
     <span class='ocr_line' id='line_1_18' title="bbox 270 2148 1366 2234; baseline 0.002 -22"><span class='ocrx_word' id='word_1_117' title='bbox 270 2148 472 2228; x_wconf 88' lang='lat' dir='ltr'>temporibus</span> <span class='ocrx_word' id='word_1_118' title='bbox 511 2151 768 2218; x_wconf 89' lang='lat' dir='ltr'>observationem</span> <span class='ocrx_word' id='word_1_119' title='bbox 806 2153 938 2234; x_wconf 79' lang='lat' dir='ltr'>praefati</span> <span class='ocrx_word' id='word_1_120' title='bbox 974 2151 1096 2219; x_wconf 91' lang='lat' dir='ltr'>domini</span> <span class='ocrx_word' id='word_1_121' title='bbox 1137 2159 1366 2232; x_wconf 87' lang='lat' dir='ltr'>comparantes·</span> 
     </span>
     <span class='ocr_line' id='line_1_19' title="bbox 273 2246 1362 2334; baseline 0.002 -22"><span class='ocrx_word' id='word_1_122' title='bbox 273 2246 417 2329; x_wconf 86' lang='lat' dir='ltr'>obligant</span> <span class='ocrx_word' id='word_1_123' title='bbox 432 2265 469 2314; x_wconf 90' lang='lat' dir='ltr'>se</span> <span class='ocrx_word' id='word_1_124' title='bbox 484 2260 517 2314; x_wconf 88' lang='lat' dir='ltr'>et</span> <span class='ocrx_word' id='word_1_125' title='bbox 532 2266 611 2316; x_wconf 90' lang='lat' dir='ltr'>suos</span> <span class='ocrx_word' id='word_1_126' title='bbox 633 2250 666 2314; x_wconf 90' lang='lat' dir='ltr'>in</span> <span class='ocrx_word' id='word_1_127' title='bbox 681 2251 779 2317; x_wconf 87' lang='lat' dir='ltr'>dietis</span> <span class='ocrx_word' id='word_1_128' title='bbox 795 2251 975 2334; x_wconf 87' lang='lat' dir='ltr'>respective</span> <span class='ocrx_word' id='word_1_129' title='bbox 996 2251 1203 2334; x_wconf 87' lang='lat' dir='ltr'>qualitatibus</span> <span class='ocrx_word' id='word_1_130' title='bbox 1232 2266 1362 2316; x_wconf 87' lang='lat' dir='ltr'>succes-</span> 
     </span>
     <span class='ocr_line' id='line_1_20' title="bbox 273 2347 1361 2433; baseline 0.002 -23"><span class='ocrx_word' id='word_1_131' title='bbox 273 2362 385 2422; x_wconf 87' lang='lat' dir='ltr'>sores;</span> <span class='ocrx_word' id='word_1_132' title='bbox 399 2347 429 2411; x_wconf 94' lang='lat' dir='ltr'>id</span> <span class='ocrx_word' id='word_1_133' title='bbox 446 2348 532 2429; x_wconf 86' lang='lat' dir='ltr'>quod</span> <span class='ocrx_word' id='word_1_134' title='bbox 550 2349 682 2430; x_wconf 76' lang='lat' dir='ltr'>praefati</span> <span class='ocrx_word' id='word_1_135' title='bbox 699 2351 867 2416; x_wconf 89' lang='lat' dir='ltr'>reverendi</span> <span class='ocrx_word' id='word_1_136' title='bbox 880 2350 1001 2414; x_wconf 90' lang='lat' dir='ltr'>domiui</span> <span class='ocrx_word' id='word_1_137' title='bbox 1018 2359 1167 2433; x_wconf 88' lang='lat' dir='ltr'>pastores</span> <span class='ocrx_word' id='word_1_138' title='bbox 1182 2358 1361 2430; x_wconf 50' lang='lat' dir='ltr'>acceptante</span> 
     </span>
    </p>
   </div>
   <div class='ocr_carea' id='block_1_3' title="bbox 267 2526 1362 2902">
    <p class='ocr_par' dir='ltr' id='par_1_3' title="bbox 267 2526 1362 2902">
     <span class='ocr_line' id='line_1_21' title="bbox 313 2526 1361 2614; baseline 0.005 -25"><span class='ocrx_word' id='word_1_139' title='bbox 313 2530 390 2590; x_wconf 81' lang='lat' dir='ltr'>dcta</span> <span class='ocrx_word' id='word_1_140' title='bbox 421 2535 497 2592; x_wconf 90' lang='lat' dir='ltr'>sunt</span> <span class='ocrx_word' id='word_1_141' title='bbox 523 2526 666 2603; x_wconf 82' lang='lat' dir='ltr'>boranii,</span> <span class='ocrx_word' id='word_1_142' title='bbox 699 2529 762 2606; x_wconf 89' lang='lat' dir='ltr'>die,</span> <span class='ocrx_word' id='word_1_143' title='bbox 795 2547 905 2596; x_wconf 88' lang='lat' dir='ltr'>mense</span> <span class='ocrx_word' id='word_1_144' title='bbox 931 2539 962 2596; x_wconf 87' lang='lat' dir='ltr'>et</span> <span class='ocrx_word' id='word_1_145' title='bbox 991 2547 1075 2595; x_wconf 87' lang='lat' dir='ltr'>anno</span> <span class='ocrx_word' id='word_1_146' title='bbox 1105 2531 1223 2614; x_wconf 85' lang='lat' dir='ltr'>quibus</span> <span class='ocrx_word' id='word_1_147' title='bbox 1252 2546 1361 2610; x_wconf 88' lang='lat' dir='ltr'>supra,</span> 
     </span>
     <span class='ocr_line' id='line_1_22' title="bbox 269 2624 1362 2710; baseline 0.006 -23"><span class='ocrx_word' id='word_1_148' title='bbox 269 2624 498 2705; x_wconf 89' lang='lat' dir='ltr'>praesentibus</span> <span class='ocrx_word' id='word_1_149' title='bbox 521 2627 653 2692; x_wconf 92' lang='lat' dir='ltr'>domino</span> <span class='ocrx_word' id='word_1_150' title='bbox 676 2636 708 2693; x_wconf 90' lang='lat' dir='ltr'>et</span> <span class='ocrx_word' id='word_1_151' title='bbox 731 2629 884 2710; x_wconf 88' lang='lat' dir='ltr'>magistro</span> <span class='ocrx_word' id='word_1_152' title='bbox 908 2629 1020 2695; x_wconf 82' lang='lat' dir='ltr'>bivine</span> <span class='ocrx_word' id='word_1_153' title='bbox 1043 2629 1124 2694; x_wconf 87' lang='lat' dir='ltr'>criei</span> <span class='ocrx_word' id='word_1_154' title='bbox 1148 2637 1180 2693; x_wconf 89' lang='lat' dir='ltr'>et</span> <span class='ocrx_word' id='word_1_155' title='bbox 1197 2629 1362 2696; x_wconf 82' lang='lat' dir='ltr'>ieronimo</span> 
     </span>
     <span class='ocr_line' id='line_1_23' title="bbox 267 2725 1362 2811; baseline 0 -23"><span class='ocrx_word' id='word_1_156' title='bbox 267 2725 399 2806; x_wconf 87' lang='lat' dir='ltr'>Nempe,</span> <span class='ocrx_word' id='word_1_157' title='bbox 414 2726 550 2792; x_wconf 87' lang='lat' dir='ltr'>testibus</span> <span class='ocrx_word' id='word_1_158' title='bbox 562 2727 601 2792; x_wconf 89' lang='lat' dir='ltr'>ad</span> <span class='ocrx_word' id='word_1_159' title='bbox 614 2730 792 2809; x_wconf 89' lang='lat' dir='ltr'>praemissa</span> <span class='ocrx_word' id='word_1_160' title='bbox 804 2731 938 2795; x_wconf 86' lang='lat' dir='ltr'>voeatis.</span> <span class='ocrx_word' id='word_1_161' title='bbox 952 2729 1042 2802; x_wconf 82' lang='lat' dir='ltr'>Quod</span> <span class='ocrx_word' id='word_1_162' title='bbox 1057 2739 1191 2795; x_wconf 88' lang='lat' dir='ltr'>attestor</span> <span class='ocrx_word' id='word_1_163' title='bbox 1205 2729 1337 2811; x_wconf 88' lang='lat' dir='ltr'>signans</span> <span class='ocrx_word' id='word_1_164' title='bbox 1352 2748 1362 2788; x_wconf 73' lang='lat' dir='ltr'>:v</span> 
     </span>
     <span class='ocr_line' id='line_1_24' title="bbox 269 2823 644 2902; baseline 0.011 -17"><span class='ocrx_word' id='word_1_165' title='bbox 269 2823 306 2887; x_wconf 89' lang='lat' dir='ltr'>P.</span> <span class='ocrx_word' id='word_1_166' title='bbox 326 2825 467 2902; x_wconf 80' lang='lat' dir='ltr'>Lauerna,</span> <span class='ocrx_word' id='word_1_167' title='bbox 489 2826 644 2892; x_wconf 90' lang='lat' dir='ltr'>notarius.</span> 
     </span>
    </p>
   </div>
   <div class='ocr_carea' id='block_1_4' title="bbox 267 2991 1358 3298">
    <p class='ocr_par' dir='ltr' id='par_1_4' title="bbox 267 2991 1358 3298">
     <span class='ocr_line' id='line_1_25' title="bbox 267 2991 1355 3109; baseline 0.006 -26"><span class='ocrx_word' id='word_1_168' title='bbox 267 3020 431 3098; x_wconf 80' lang='lat' dir='ltr'>Quittunoe</span> <span class='ocrx_word' id='word_1_169' title='bbox 445 3021 575 3087; x_wconf 72' lang='lat' dir='ltr'>ddiiurde</span> <span class='ocrx_word' id='word_1_170' title='bbox 589 3043 631 3087; x_wconf 85' lang='lat' dir='ltr'>nu</span> <span class='ocrx_word' id='word_1_171' title='bbox 642 3025 715 3088; x_wconf 69' lang='lat' dir='ltr'>oure</span> <span class='ocrx_word' id='word_1_172' title='bbox 724 3025 762 3088; x_wconf 85' lang='lat' dir='ltr'>de</span> <span class='ocrx_word' id='word_1_173' title='bbox 772 3023 1047 3091; x_wconf 71' lang='lat' dir='ltr'>sainte-Germanic</span> <span class='ocrx_word' id='word_1_174' title='bbox 1056 2991 1139 3109; x_wconf 51' lang='lat' dir='ltr'>pour:</span> <span class='ocrx_word' id='word_1_175' title='bbox 1147 3028 1175 3090; x_wconf 83' lang='lat' dir='ltr'>le</span> <span class='ocrx_word' id='word_1_176' title='bbox 1185 3033 1355 3092; x_wconf 77' lang='lat' dir='ltr'>vernemmt</span> 
     </span>
     <span class='ocr_line' id='line_1_26' title="bbox 308 3117 1358 3298; baseline 0.005 -115"><span class='ocrx_word' id='word_1_177' title='bbox 308 3117 399 3282; x_wconf 42' lang='lat' dir='ltr'>:lubecae</span> <span class='ocrx_word' id='word_1_178' title='bbox 410 3137 537 3298; x_wconf 50' lang='lat' dir='ltr'>imm</span> <span class='ocrx_word' id='word_1_179' title='bbox 551 3122 589 3184; x_wconf 86' lang='lat' dir='ltr'>de</span> <span class='ocrx_word' id='word_1_180' title='bbox 604 3131 671 3186; x_wconf 86' lang='lat' dir='ltr'>cent</span> <span class='ocrx_word' id='word_1_181' title='bbox 690 3125 796 3203; x_wconf 76' lang='lat' dir='ltr'>storiam</span> <span class='ocrx_word' id='word_1_182' title='bbox 811 3143 853 3188; x_wconf 88' lang='lat' dir='ltr'>uu</span> <span class='ocrx_word' id='word_1_183' title='bbox 867 3125 997 3205; x_wconf 70' lang='lat' dir='ltr'>benefice</span> <span class='ocrx_word' id='word_1_184' title='bbox 1012 3126 1053 3188; x_wconf 83' lang='lat' dir='ltr'>du</span> <span class='ocrx_word' id='word_1_185' title='bbox 1072 3126 1184 3206; x_wconf 77' lang='lat' dir='ltr'>cottipc</span> <span class='ocrx_word' id='word_1_186' title='bbox 1206 3123 1358 3190; x_wconf 79' lang='lat' dir='ltr'>conuelle-</span> 
     </span>
    </p>
   </div>
   <div class='ocr_carea' id='block_1_5' title="bbox 686 3304 939 3360">
    <p class='ocr_par' dir='ltr' id='par_1_5' title="bbox 686 3304 939 3360">
     <span class='ocr_line' id='line_1_27' title="bbox 686 3304 939 3360; baseline 0.008 -2"><span class='ocrx_word' id='word_1_187' title='bbox 686 3304 704 3358; x_wconf 86' lang='lat'>5</span> <span class='ocrx_word' id='word_1_188' title='bbox 724 3307 837 3360; x_wconf 81' lang='lat' dir='ltr'>octobre</span> <span class='ocrx_word' id='word_1_189' title='bbox 859 3305 939 3360; x_wconf 79' lang='lat'>1658.</span> 
     </span>
    </p>
   </div>
   <div class='ocr_carea' id='block_1_6' title="bbox 263 3422 1358 4303">
    <p class='ocr_par' dir='ltr' id='par_1_6' title="bbox 263 3422 1358 4083">
     <span class='ocr_line' id='line_1_28' title="bbox 313 3422 1357 3510; baseline 0.008 -24"><span class='ocrx_word' id='word_1_190' title='bbox 313 3422 542 3506; x_wconf 79' lang='lat' dir='ltr'>infrascriptus</span> <span class='ocrx_word' id='word_1_191' title='bbox 583 3443 699 3508; x_wconf 88' lang='lat' dir='ltr'>regens</span> <span class='ocrx_word' id='word_1_192' title='bbox 737 3429 895 3510; x_wconf 83' lang='lat' dir='ltr'>gymnasii</span> <span class='ocrx_word' id='word_1_193' title='bbox 932 3429 1157 3494; x_wconf 90' lang='lat' dir='ltr'>sanctissimae</span> <span class='ocrx_word' id='word_1_194' title='bbox 1194 3430 1357 3494; x_wconf 80' lang='lat' dir='ltr'>Trinitatis</span> 
     </span>
     <span class='ocr_line' id='line_1_29' title="bbox 269 3522 1356 3610; baseline 0.01 -26"><span class='ocrx_word' id='word_1_195' title='bbox 269 3522 401 3602; x_wconf 87' lang='lat' dir='ltr'>recepit,</span> <span class='ocrx_word' id='word_1_196' title='bbox 418 3540 457 3588; x_wconf 83' lang='lat' dir='ltr'>es</span> <span class='ocrx_word' id='word_1_197' title='bbox 480 3531 570 3604; x_wconf 88' lang='lat' dir='ltr'>parte</span> <span class='ocrx_word' id='word_1_198' title='bbox 593 3540 723 3591; x_wconf 88' lang='lat' dir='ltr'>mensae</span> <span class='ocrx_word' id='word_1_199' title='bbox 746 3527 848 3591; x_wconf 89' lang='lat' dir='ltr'>sancti</span> <span class='ocrx_word' id='word_1_200' title='bbox 872 3527 1011 3610; x_wconf 89' lang='lat' dir='ltr'>Spiritus</span> <span class='ocrx_word' id='word_1_201' title='bbox 1028 3528 1198 3610; x_wconf 87' lang='lat' dir='ltr'>parochiae</span> <span class='ocrx_word' id='word_1_202' title='bbox 1225 3539 1356 3595; x_wconf 86' lang='lat' dir='ltr'>sanctae</span> 
     </span>
     <span class='ocr_line' id='line_1_30' title="bbox 266 3619 1354 3709; baseline 0.006 -25"><span class='ocrx_word' id='word_1_203' title='bbox 266 3619 446 3696; x_wconf 84' lang='lat' dir='ltr'>Gertrudis‚</span> <span class='ocrx_word' id='word_1_204' title='bbox 463 3631 591 3688; x_wconf 89' lang='lat' dir='ltr'>centum</span> <span class='ocrx_word' id='word_1_205' title='bbox 608 3623 750 3689; x_wconf 85' lang='lat' dir='ltr'>florenos</span> <span class='ocrx_word' id='word_1_206' title='bbox 767 3643 825 3706; x_wconf 91' lang='lat' dir='ltr'>pro</span> <span class='ocrx_word' id='word_1_207' title='bbox 841 3625 1063 3692; x_wconf 83' lang='lat' dir='ltr'>aedificatione</span> <span class='ocrx_word' id='word_1_208' title='bbox 1085 3627 1240 3709; x_wconf 88' lang='lat' dir='ltr'>gymnasii</span> <span class='ocrx_word' id='word_1_209' title='bbox 1257 3642 1354 3691; x_wconf 81' lang='lat' dir='ltr'>sane·</span> 
     </span>
     <span class='ocr_line' id='line_1_31' title="bbox 266 3719 1358 3807; baseline 0.006 -25"><span class='ocrx_word' id='word_1_210' title='bbox 266 3720 412 3786; x_wconf 88' lang='lat' dir='ltr'>tissimae</span> <span class='ocrx_word' id='word_1_211' title='bbox 429 3719 607 3799; x_wconf 85' lang='lat' dir='ltr'>Trinitatis,</span> <span class='ocrx_word' id='word_1_212' title='bbox 624 3724 685 3788; x_wconf 93' lang='lat' dir='ltr'>sub</span> <span class='ocrx_word' id='word_1_213' title='bbox 701 3740 800 3789; x_wconf 89' lang='lat' dir='ltr'>nuere</span> <span class='ocrx_word' id='word_1_214' title='bbox 823 3736 854 3789; x_wconf 90' lang='lat' dir='ltr'>et</span> <span class='ocrx_word' id='word_1_215' title='bbox 877 3725 1073 3807; x_wconf 83' lang='lat' dir='ltr'>obligatione</span> <span class='ocrx_word' id='word_1_216' title='bbox 1095 3725 1231 3792; x_wconf 89' lang='lat' dir='ltr'>docendi</span> <span class='ocrx_word' id='word_1_217' title='bbox 1254 3726 1358 3807; x_wconf 90' lang='lat' dir='ltr'>gratis</span> 
     </span>
     <span class='ocr_line' id='line_1_32' title="bbox 266 3821 1355 3906; baseline 0.006 -24"><span class='ocrx_word' id='word_1_218' title='bbox 266 3827 332 3884; x_wconf 90' lang='lat' dir='ltr'>tres</span> <span class='ocrx_word' id='word_1_219' title='bbox 350 3821 500 3902; x_wconf 84' lang='lat' dir='ltr'>juvenes,</span> <span class='ocrx_word' id='word_1_220' title='bbox 518 3822 572 3902; x_wconf 90' lang='lat' dir='ltr'>qui</span> <span class='ocrx_word' id='word_1_221' title='bbox 595 3832 702 3886; x_wconf 88' lang='lat' dir='ltr'>tamen</span> <span class='ocrx_word' id='word_1_222' title='bbox 726 3839 788 3887; x_wconf 90' lang='lat' dir='ltr'>nou</span> <span class='ocrx_word' id='word_1_223' title='bbox 812 3825 1004 3889; x_wconf 85' lang='lat' dir='ltr'>tenebuntur</span> <span class='ocrx_word' id='word_1_224' title='bbox 1029 3825 1068 3890; x_wconf 89' lang='lat' dir='ltr'>ad</span> <span class='ocrx_word' id='word_1_225' title='bbox 1084 3841 1182 3890; x_wconf 90' lang='lat' dir='ltr'>onera</span> <span class='ocrx_word' id='word_1_226' title='bbox 1206 3842 1262 3906; x_wconf 92' lang='lat' dir='ltr'>per</span> <span class='ocrx_word' id='word_1_227' title='bbox 1277 3839 1355 3904; x_wconf 85' lang='lat' dir='ltr'>pau·</span> 
     </span>
     <span class='ocr_line' id='line_1_33' title="bbox 264 3920 1353 4002; baseline 0.002 -18"><span class='ocrx_word' id='word_1_228' title='bbox 264 3933 359 3997; x_wconf 90' lang='lat' dir='ltr'>peres</span> <span class='ocrx_word' id='word_1_229' title='bbox 375 3921 530 4000; x_wconf 88' lang='lat' dir='ltr'>praestari</span> <span class='ocrx_word' id='word_1_230' title='bbox 549 3920 655 3999; x_wconf 88' lang='lat' dir='ltr'>solita,</span> <span class='ocrx_word' id='word_1_231' title='bbox 669 3921 758 4002; x_wconf 85' lang='lat' dir='ltr'>juxta</span> <span class='ocrx_word' id='word_1_232' title='bbox 774 3923 1023 4002; x_wconf 89' lang='lat' dir='ltr'>promissionem</span> <span class='ocrx_word' id='word_1_233' title='bbox 1039 3925 1240 3991; x_wconf 87' lang='lat' dir='ltr'>venerandae</span> <span class='ocrx_word' id='word_1_234' title='bbox 1257 3923 1353 3988; x_wconf 87' lang='lat' dir='ltr'>iacui·</span> 
     </span>
     <span class='ocr_line' id='line_1_34' title="bbox 263 4017 480 4083; baseline 0.005 -3"><span class='ocrx_word' id='word_1_235' title='bbox 263 4017 338 4082; x_wconf 89' lang='lat' dir='ltr'>tatis</span> <span class='ocrx_word' id='word_1_236' title='bbox 353 4019 480 4083; x_wconf 87' lang='lat' dir='ltr'>artium.</span> 
     </span>
    </p>

    <p class='ocr_par' dir='ltr' id='par_1_7' title="bbox 303 4115 959 4189">
     <span class='ocr_line' id='line_1_35' title="bbox 303 4115 959 4189; baseline 0.006 -11"><span class='ocrx_word' id='word_1_237' title='bbox 303 4115 418 4182; x_wconf 81' lang='lat' dir='ltr'>Actum</span> <span class='ocrx_word' id='word_1_238' title='bbox 435 4116 580 4189; x_wconf 81' lang='lat' dir='ltr'>bovauii,</span> <span class='ocrx_word' id='word_1_239' title='bbox 597 4117 658 4182; x_wconf 89' lang='lat' dir='ltr'>bae</span> <span class='ocrx_word' id='word_1_240' title='bbox 674 4118 692 4180; x_wconf 78' lang='lat'>5</span> <span class='ocrx_word' id='word_1_241' title='bbox 708 4119 852 4183; x_wconf 88' lang='lat' dir='ltr'>octobris</span> <span class='ocrx_word' id='word_1_242' title='bbox 868 4119 959 4183; x_wconf 77' lang='lat' dir='ltr'>teuc.</span> 
     </span>
    </p>

    <p class='ocr_par' dir='ltr' id='par_1_8' title="bbox 766 4217 1311 4303">
     <span class='ocr_line' id='line_1_36' title="bbox 766 4217 1311 4303; baseline 0.007 -23"><span class='ocrx_word' id='word_1_243' title='bbox 766 4219 810 4280; x_wconf 86' lang='lat' dir='ltr'>br</span> <span class='ocrx_word' id='word_1_244' title='bbox 825 4217 897 4294; x_wconf 73' lang='lat' dir='ltr'>Bur,</span> <span class='ocrx_word' id='word_1_245' title='bbox 915 4235 1032 4302; x_wconf 81' lang='lat' dir='ltr'>regens</span> <span class='ocrx_word' id='word_1_246' title='bbox 1048 4219 1123 4286; x_wconf 89' lang='lat' dir='ltr'>dicti</span> <span class='ocrx_word' id='word_1_247' title='bbox 1139 4219 1311 4303; x_wconf 83' lang='lat' dir='ltr'>gymnasii.</span> 
     </span>
    </p>
   </div>
   <div class='ocr_carea' id='block_1_7' title="bbox 0 0 1628 4954">
    <p class='ocr_par' dir='ltr' id='par_1_9' title="bbox 0 0 1628 4954">
     <span class='ocr_line' id='line_1_37' title="bbox 0 0 1628 4954; baseline 0 4"><span class='ocrx_word' id='word_1_248' title='bbox 0 0 1628 4954; x_wconf 95' lang='lat' dir='ltr'> </span> 
     </span>
    </p>
   </div>
  </div>
 </body>
</html>
