3232 4942
755 481 944 548 ..603-

350 664 458 728 xviii.
482 664 588 731 biores
605 674 636 730 et
651 665 787 731 virtutes
802 665 906 731 ethica
922 665 1029 741 babet,
1047 675 1079 731 et
1101 664 1272 746 praecipue
1291 665 1396 728 incui-

309 764 445 829 cabitur.
473 763 535 829 Sed
562 765 645 854 iuter
670 765 805 830 virtutes
831 766 930 844 prima
959 765 1060 846 pietas
1089 765 1167 840 erit;
1194 773 1225 829 et
1255 765 1335 828 boec
1362 775 1398 828 ut

309 864 490 928 solenniter
513 862 649 942 colatur,
670 881 784 930 omnes
809 864 952 946 quotidie
979 863 1011 928 iu
1037 863 1182 930 aedioqu
1207 863 1299 928 Arois
1326 879 1394 927 rem

309 961 447 1027 divinam
463 961 604 1026 audient.

350 1111 436 1176 xlx.
454 1111 573 1178 Diebus
590 1111 681 1178 iestis
697 1111 963 1194 soiicnoibnsque
978 1127 1102 1178 sacram
1117 1120 1151 1178 'et
1172 1112 1300 1177 latinam
1317 1128 1395 1176 con-

310 1211 436 1277 cionem
453 1211 569 1276 ibidem
586 1211 728 1276 audient.

303 1377 305 1384 ·
350 1365 420 1430 XX.
443 1365 544 1430 Nemo
567 1365 659 1430 scius
681 1373 713 1429 et
735 1365 868 1430 arbitrio
885 1381 945 1430 suo
967 1381 1005 1430 ex
1029 1369 1109 1430 arce
1132 1347 1318 1439 descendat,
1335 1364 1394 1429 sed

311 1471 500 1548 potestatem
516 1481 533 1528 a
550 1474 759 1552 praeceptore
775 1463 898 1529 mo'rum
916 1467 1076 1545 impetret.

352 1615 436 1680 xxt.
460 1613 579 1678 Omnes
604 1622 676 1696 nost
699 1614 836 1695 primum
859 1630 975 1678 annum
1001 1613 1138 1694 publicis
1162 1613 1309 1694 praetecti
1335 1613 1398 1676 iec-

311 1713 452 1779 tionibus
464 1723 559 1795 atque
572 1713 852 1780 dissertationibus
865 1713 1024 1788 intersint,
1039 1713 1077 1777 ab
1095 1720 1229 1794 utroque
1246 1728 1398 1792 praecep-

311 1822 381 1880 tore
397 1812 547 1877 ducendi.

351 1961 451 2026 xxii.
476 1960 629 2042 Corporis
643 1960 887 2026 exercitationes
903 1961 994 2025 statis
1011 1959 1100 2024 boris
1117 1943 1263 2026 habeant.

352 2109 462 2173 xxiii.
480 2110 630 2177 Triennio
653 2110 814 2186 absoluto,
832 2109 967 2192 quisque
994 2125 1051 2190 oro
1074 2109 1280 2198 institutione
1306 2125 1395 2174 sere·

314 2209 447 2273 nissimo
464 2209 601 2290 principi
617 2208 737 2290 gratias
760 2209 856 2275 iatine
878 2208 1022 2283 dinotet
1046 2208 1173 2289 insigne
1196 2208 1281 2288 quod
1304 2224 1396 2272 acce-

312 2319 402 2388 perat
433 2307 563 2382 redden
596 2307 656 2372 nisi
688 2307 795 2388 potius
822 2308 1010 2372 tradendum
1041 2307 1202 2388 praefecto
1228 2307 1281 2382 sit,
1314 2317 1346 2372 ut
1369 2305 1396 2368 is

311 2407 466 2488 deinceps
481 2405 661 2472 advenienti
680 2406 795 2470 tradat.

347 2535 461 2618 xxiv.
480 2554 547 2619 iioc
566 2555 738 2634 collegium
762 2555 1096 2621 sive'coutuberuium
1121 2563 1304 2620 curatorem
1326 2553 1393 2616 siue

311 2655 528 2734 inspectorem
559 2653 812 2718 illustrissimum
842 2665 873 2720 et
909 2654 1214 2720 excellentissimum
1244 2652 1395 2718 comitem

313 2753 356 2818 De
373 2754 524 2835 Buoquoy
539 2754 665 2818 babeat.

354 2935 439 3000 Haec
454 2935 560 3001 omnia
578 2936 704 3012 mutari,
721 2938 831 3019 augeri
847 2945 903 3002 aut
918 2937 1016 3002 minui
1034 2946 1193 3019 poterunt.

1038 3066 1167 3132 Earums
1184 3067 1352 3131 Portunus.
