3248 4954
748 428 931 491 '-·r.r-

306 609 409 674 dianae
426 609 485 674 erit
501 609 642 673 studium
661 609 740 674 nitor
751 610 779 672 is
796 626 899 691 usqne
914 605 952 670 ad
969 605 1178 688 quadrantem
1195 615 1268 672 ante
1283 623 1398 672 secun-

306 709 390 783 dam,
415 725 478 789 qno
503 709 612 773 licebit
634 710 722 773 exire
748 726 851 790 usqne
877 709 916 772 ad
943 707 1083 772 medinm
1109 706 1242 786 quintae.
1267 706 1397 772 Reversi

306 807 480 872 studebunt
497 807 651 887 usquead
669 817 806 882 sextam,
824 824 884 887 qua
901 807 993 880 bora,
1013 805 1056 870 uti
1073 804 1145 867 aliis
1162 803 1278 868 diebus
1296 805 1399 868 veniae

307 914 338 970 et
360 907 526 987 colloquii,
543 907 728 970 coenabunt.
756 905 835 970 Sero
859 904 1032 970 redeuutes
1056 919 1185 982 semper
1208 902 1399 982 puniantur;

306 1005 507 1084 gravissime,
526 1005 553 1068 si
571 1014 644 1069 ante
660 1021 785 1068 eoenam
804 1003 924 1069 reversi
943 1019 1006 1067 non
1024 1001 1154 1065 luerint.

349 1103 399 1166 Vl.
425 1103 544 1167 Diebus
561 1103 733 1168 dominicis
745 1113 777 1168 et
794 1101 886 1167 lestis
902 1101 1043 1166 studium
1062 1099 1253 1162 matutinum
1270 1097 1399 1164 liniatur

308 1202 387 1266 bora
418 1201 564 1281 septima.
595 1200 778 1274 Quadrante
808 1211 881 1264 ante
912 1208 1057 1264 octavam
1088 1198 1208 1261 intrent
1240 1198 1397 1272 subulam,

308 1300 448 1365 babituri
475 1300 647 1364 lectionem
670 1300 911 1366 catechisticam
938 1297 1100 1378 usquead
1127 1297 1267 1360 medium
1291 1313 1396 1372 nonae,

309 1417 372 1482 quo
411 1399 589 1464 cantabitur
617 1399 763 1463 Saornrm.
795 1398 894 1464 Sacro
925 1398 1028 1472 finito,
1058 1397 1246 1478 jenlabunt;
1282 1397 1399 1462 deiude
1456 1405 1457 1408 ’

309 1500 415 1564 exitus
431 1517 529 1580 nsque
545 1500 582 1563 ad
601 1499 782 1579 prandium.

351 1598 416 1660 Vll.
442 1599 546 1662 lledio
576 1598 727 1662 secundae
757 1598 969 1662 cantabuntur
1003 1595 1122 1661 litaniae
1156 1597 1351 1672 Lauretanae,
1380 1613 1398 1659 a

310 1697 427 1778 quibus
445 1714 538 1762 nemo
555 1698 649 1773 absit,
668 1698 727 1761 snb
745 1714 838 1778 poerra
854 1699 1023 1778 graviore:
1040 1697 1158 1762 deinde
1174 1695 1276 1760 exitus
1293 1712 1397 1776 nsque

310 1797 349 1860 ad
376 1795 515 1858 medium
542 1796 830 1876 numantiorum
857 1796 1032 1860 studebunt
1058 1811 1159 1875 usque
1184 1795 1224 1858 ad
1247 1803 1392 1858 sextam:

310 1902 376 1958 tum
393 1893 521 1958 dabitur
536 1911 640 1958 ooerra.

353 1992 434 2056 vllt.
458 1993 485 2055 Α
506 1993 662 2058 Pascbate
687 1995 726 2056 ad
751 1995 889 2074 majores
917 1994 1012 2060 lorias
1041 1993 1267 2060 excitabuntur
1292 1993 1400 2058 medio

311 2090 442 2170 quintae.
462 2101 494 2156 ut
510 2093 588 2157 bora
611 2093 722 2172 quinta
739 2093 888 2158 intersint
911 2093 1072 2173 precibus,
1090 2093 1201 2158 Studio
1224 2093 1402 2172 quadrante

312 2197 384 2252 ante
407 2191 575 2270 septimam
599 2191 701 2266 finito,
723 2191 903 2272 jentabunt.
930 2191 1034 2255 Medic
1056 2201 1177 2256 octavae
1200 2191 1404 2255 deducantur

311 2286 349 2350 ad
367 2287 544 2363 Sacrnrna
568 2289 665 2355 Sacro
690 2291 728 2353 ad
752 2290 898 2354 subulam
922 2288 1093 2353 liniendam
1117 2290 1196 2353 bora
1219 2289 1399 2364 decima;a

312 2386 419 2450 medio
437 2389 615 2454 undecimae
630 2389 770 2453 studium
790 2388 946 2470 usquead
965 2388 1145 2467 prandium.

352 2483 471 2551 Diebus
489 2487 636 2551 mercurii
661 2497 692 2551 et
708 2489 836 2553 veneris
859 2487 902 2552 sit
921 2486 1062 2551 studium
1086 2487 1226 2550 emedio
1249 2485 1400 2552 secundae

310 2585 349 2649 ad
366 2587 574 2667 quadrantem
597 2598 670 2650 ante
688 2587 833 2660 tertiam;
859 2595 924 2650 tum
942 2586 1083 2650 studium
1102 2585 1217 2651 nitoris
1241 2585 1398 2665 usquead

310 2686 528 2766 tertiamque
551 2687 658 2750 licebit
681 2687 769 2752 exire
797 2703 898 2767 nsque
921 2685 960 2749 ad
977 2686 1116 2750 medium
1141 2695 1239 2750 sextae
1256 2707 1264 2747 ε
1282 2683 1400 2748 deiude

310 2784 518 2864 colloquium.

352 2883 473 2947 Diebus
496 2885 666 2950 dominicis
690 2896 721 2949 et
737 2885 828 2948 lestis
846 2883 952 2948 medio
974 2893 1093 2950 octavae
1111 2884 1280 2949 incbodtur
1302 2881 1400 2948 lectio

311 2981 529 3057 catechistica,
548 2983 687 3048 linienda
712 2983 890 3064 quadrante
915 2992 988 3064 post
1010 2994 1174 3058 octavam3
1199 2993 1265 3047 tum
1291 2991 1400 3046 canta-

311 3079 397 3144 bitur
412 3080 554 3144 Sacrum.
574 3082 707 3161 Reliqua
727 3092 760 3145 ut
776 3081 893 3146 hieme.

352 3180 378 3242 A
400 3179 553 3259 vigesima
580 3181 671 3244 tertia
692 3179 772 3260 junii
797 3181 836 3243 ad
861 3179 1123 3260 majoresdomus,
1148 3178 1253 3244 medio
1277 3187 1398 3243 octavae

311 3276 437 3342 dabitur
453 3278 569 3342 iterum
587 3289 694 3358 potus.

353 3373 481 3438 Externi
505 3393 618 3440 ornnes
640 3375 793 3455 praedicta
810 3375 908 3439 studii
932 3384 1075 3455 tempora
1093 3375 1263 3456 diligenter
1285 3371 1400 3436 obser·

313 3481 386 3536 vent
402 3494 410 3533 ε
429 3489 501 3548 nec,
519 3475 578 3536 sub
595 3490 688 3552 poerra
705 3473 909 3554 gravissima,
929 3484 1001 3553 post
1017 3483 1163 3538 octavam
1179 3471 1397 3552 vespertinam

311 3579 400 3634 extra
416 3587 509 3635 snum
527 3571 725 3635 domicilium
742 3571 857 3636 abesse
876 3588 1024 3652 umquam
1040 3573 1189 3636 audeant.

352 3667 406 3730 lx.
444 3668 521 3732 llum
560 3670 683 3750 ratione
720 3670 849 3750 frigoris
885 3670 1074 3735 conceditur
1103 3671 1208 3734 serius
1246 3667 1397 3748 surgendi

310 3767 454 3844 laeultas,
473 3768 651 3834 excitentur
675 3769 780 3834 medio
803 3769 961 3848 seotimae.
980 3769 1134 3836 Precibus
1158 3770 1237 3832 bora
1261 3767 1397 3848 septima

310 3865 436 3940 babilla,
461 3868 522 3930 erit
544 3869 683 3932 studium
714 3885 814 3949 usque
842 3869 879 3932 ad
906 3869 1115 3950 quadrantem
1142 3877 1216 3932 ante
1238 3877 1397 3938 octavam,

310 3981 374 4045 quc
393 3964 573 4045 ientabunt.
603 3967 708 4032 bledio
733 3985 827 4032 nonae
855 3969 1070 4033 celebrabitur
1093 3969 1226 4032 Sacrum
1251 3984 1259 4031 ι
1283 3965 1399 4060 deinde

311 4064 455 4129 tradetur
467 4066 562 4130 lectio
578 4066 716 4132 finienda
729 4069 808 4131 bora
824 4066 959 4143 decima,
974 4078 1005 4132 et
1021 4076 1094 4148 post
1112 4067 1277 4132 meridiem
1292 4063 1397 4129 medio

312 4171 445 4241 quartae.
462 4164 592 4244 Vesperi
610 4166 749 4230 studium
767 4165 894 4230 liniatur
909 4167 1085 4248 quadrante
1100 4175 1174 4230 ante
1189 4182 1326 4230 coenam.
