3158 4952
760 436 942 500 -334-

309 633 469 704 regentem
482 621 690 691 constituere.
706 628 736 683 et
750 619 898 682 familiam
912 637 972 683 suo
986 621 1144 686 facultatis
1156 633 1211 687 aut
1223 629 1394 692 commodo

308 733 361 788 aut
387 723 525 802 dampno
551 721 637 784 alere
664 728 696 783 et
722 719 831 783 lovere
856 719 893 780 ad
924 717 1025 798 ipsius
1052 721 1218 803 pedagogii
1246 725 1393 791 Falconis

307 823 599 887 (conservationem.
629 818 718 881 Hanc
741 828 846 880 autem
874 817 1015 897 regentis
1038 819 1305 898 supplicationem
1332 824 1391 903 ipsi

306 921 466 1001 deputati,
493 933 706 998 sepenumero
728 916 958 980 convenientes
988 917 1026 979 ad
1057 918 1187 981 domam
1218 921 1389 998 facultatis,

307 1030 482 1085 tarvrrvocato
498 1019 592 1083 etiam
610 1033 724 1096 magno
737 1015 901 1078 seniorum
918 1016 1143 1096 magistrorum
1162 1036 1308 1092 numero.
1322 1022 1391 1086 dili·

307 1120 494 1198 qeutissime
520 1115 741 1180 examinarunt
767 1123 797 1176 et
823 1113 1065 1186 discusserunt:
1096 1117 1152 1179 sed
1186 1129 1391 1200 posteaquam

308 1221 468 1296 negotium
494 1231 652 1296 magnum,
672 1213 805 1275 arduum
829 1223 860 1276 et
883 1213 1009 1277 deficile
1032 1215 1194 1294 deputatis
1217 1219 1390 1293 videretur.

309 1338 367 1382 nec
393 1316 524 1381 omuino
555 1331 592 1377 ex
619 1329 653 1376 re
684 1311 842 1374 facultatis
872 1329 945 1375 esse
976 1313 1069 1376 talem
1100 1315 1391 1395 incorporationem

307 1419 388 1492 lieri,
412 1417 475 1479 alio
500 1412 627 1478 consilii
654 1427 728 1474 sese
754 1411 952 1477 diverterunt
978 1413 1134 1492 deputati,
1158 1419 1393 1483 constituentes

308 1534 421 1596 nempe
445 1525 510 1578 tres
533 1529 571 1576 ex
594 1509 754 1589 deputatis
779 1509 931 1588 providos
953 1511 1052 1586 viros,
1078 1515 1203 1578 scilicet
1228 1517 1391 1582 dominum

307 1615 520 1698 presidentem
546 1612 576 1673 in
600 1609 737 1688 collegio
761 1609 935 1686 pontionis,
963 1611 1179 1690 presidentem
1203 1613 1234 1676 in
1257 1617 1392 1698 collegio

306 1715 456 1781 fiouterlc
478 1721 509 1775 et
532 1709 719 1789 magistrum
744 1707 938 1772 Lndovicum
964 1710 1004 1773 de
1027 1709 1195 1788 Fraxenis;
1220 1715 1273 1793 qui
1296 1733 1391 1795 super

305 1815 454 1881 omnibus
479 1811 530 1874 bis
558 1807 696 1887 negotiis
722 1808 865 1871 exactius
892 1826 964 1872 cnm
991 1809 1062 1888 ipso
1089 1821 1219 1891 regente
1246 1813 1390 1879 Falconis

304 1923 447 1997 agerent,
465 1909 648 1974 conferrent
667 1917 698 1970 et
715 1915 900 1981 tractarent,
917 1918 949 1970 et
966 1909 993 1971 si
1016 1927 1081 1988 quo
1098 1919 1231 1987 possent
1254 1913 1390 1978 consilio

305 2018 375 2096 ejus
398 2013 537 2076 animum
563 2024 625 2070 non
648 2007 752 2069 solum
777 2006 976 2080 inducerent.
994 2010 1049 2072 sed
1073 2018 1105 2073 et
1123 2010 1333 2076 obfirmarem
1354 2015 1390 2078 ad

305 2109 555 2180 continuandum
572 2123 662 2171 suam
680 2105 854 2184 regentiam
871 2115 902 2169 et
916 2109 1170 2172 conservandam
1195 2127 1286 2174 suam
1304 2113 1391 2176 l'ami-

305 2215 391 2289 liam,
405 2225 497 2291 quam
514 2205 639 2270 dicebat
653 2205 897 2283 amplissimam,
913 2207 1137 2283 promittentes
1153 2209 1290 2290 aliquam
1303 2229 1389 2291 spem

306 2311 402 2378 futuri
426 2309 486 2372 sibi
511 2305 617 2370 auxilii
642 2313 673 2367 et
697 2302 920 2366 subventionis
944 2305 982 2368 ab
999 2305 1067 2384 ipsa
1093 2307 1253 2372 facultate.
1270 2310 1392 2386 Quibus

306 2409 486 2475 rationibus
503 2405 652 2468 inductus
676 2413 706 2466 et
722 2404 894 2474 consultis.
912 2403 1066 2468 bonorem
1084 2419 1112 2469 et
1131 2408 1297 2472 utilitatem
1318 2427 1391 2490 pro-

306 2510 403 2574 misit.
423 2504 583 2578 Postridie
605 2519 682 2566 vero
698 2503 780 2580 apud
798 2502 969 2582 deputatos
992 2505 1052 2568 sibi
1069 2505 1232 2571 subveniri
1250 2517 1282 2572 et
1298 2525 1389 2589 opem

306 2610 372 2673 dari
396 2604 591 2671 sollicitavit.
615 2601 674 2665 Sed
700 2618 796 2681 quum
823 2601 853 2664 id
879 2619 977 2682 penes
1002 2605 1171 2683 deputatos
1200 2623 1263 2670 nou
1291 2619 1388 2684 esset,

306 2705 484 2789 pertinebat.
506 2702 591 2769 onim
614 2701 651 2764 ad
678 2701 859 2765 universam
882 2703 1062 2767 facultatem
1088 2707 1268 2782 negotium
1292 2725 1389 2788 quare

304 2805 451 2886 sequenti
478 2803 530 2866 dic
560 2817 617 2880 per
639 2799 854 2879 juramentum
884 2818 998 2866 omues
1024 2803 1200 2866 consiliarii
1231 2807 1389 2870 facultatis

304 2904 407 2968 troeati
425 2903 514 2966 fuere
536 2899 597 2964 sub
614 2901 724 2963 boram
740 2899 894 2962 decimam
915 2900 951 2962 ad
970 2903 1253 2982 congregationem
1269 2903 1302 2966 in
1315 2903 1389 2970 Vico

303 3002 539 3066 celebrandam.
565 3000 654 3077 apud
677 3015 761 3078 quos
784 2998 968 3075 petitionem
996 3008 1027 3062 et
1049 3001 1317 3078 supplicationem
1340 3021 1388 3068 re·

303 3103 408 3181 gentis
434 3101 465 3163 in
492 3099 629 3162 Falcone
654 3114 712 3176 pro
739 3097 950 3161 subventione
976 3107 1007 3160 et
1038 3111 1148 3162 mutuo
1174 3101 1235 3164 sibi
1263 3103 1385 3178 dando,

303 3202 510 3264 salvatamen
535 3203 578 3274 (ut
596 3195 808 3275 promittebat)
828 3195 910 3259 bona
928 3207 959 3260 et
975 3195 1060 3260 fideli
1078 3199 1226 3263 cautione
1242 3211 1297 3264 aut
1314 3201 1388 3266 flde-

299 3301 447 3380 jussione
464 3316 521 3379 per
535 3314 570 3360 se
587 3306 641 3359 aut
657 3312 735 3359 snos
753 3304 912 3373 parentes.
931 3295 961 3358 in
978 3296 1228 3361 deliberationes
1244 3299 1387 3364 domino·

303 3416 372 3462 rum
403 3398 617 3462 vicedecanus
647 3394 836 3473 exponendo
866 3403 898 3456 et
927 3395 1115 3473 explicando
1142 3398 1316 3462 commisit.
1344 3398 1385 3461 Ex

302 3497 419 3578 quibus
435 3495 721 3560 deliberationibus
746 3494 918 3572 prudenter
941 3503 971 3557 et
994 3504 1117 3558 mature
1140 3497 1287 3569 redditis,
1304 3499 1384 3577 apud

302 3613 415 3661 ornnes
432 3612 513 3676 pene
528 3592 755 3666 concordibus
773 3591 932 3655 conclusit
948 3591 1161 3656 vicedecanus
1177 3597 1384 3660 commissum

302 3713 376 3759 rsse
391 3696 552 3774 deputatis
575 3691 747 3756 ordinariis
770 3690 950 3754 adeundum
974 3707 1048 3755 esse
1064 3691 1192 3754 arebam
1216 3701 1248 3757 et
1270 3711 1384 3773 expen-

301 3793 424 3856 dendas
451 3809 524 3856 esse
551 3791 692 3854 lbesauri
720 3790 878 3852 facultatis
902 3790 987 3853 vires
1015 3799 1046 3854 et
1073 3792 1245 3869 pecnnias;
1270 3793 1384 3872 quibus

301 3893 453 3971 <turrensis
476 3901 506 3954 et
528 3890 678 3969 coguitis,
698 3888 757 3969 ipsi
782 3890 923 3968 deputati
947 3889 1101 3952 ordinarii
1124 3907 1196 3952 cum
1219 3907 1384 3956 assumen-

301 3989 364 4062 dis,
382 3989 505 4054 scilicet
528 3989 689 4068 magistris
704 3989 846 4050 arnoldo
872 3987 1096 4063 ifalvermifea‚
1115 3987 1262 4069 Philippo
1288 3988 1380 4064 Book,

299 4087 521 4163 (danmando,
533 4088 716 4166 presidente
724 4087 849 4165 collegii
866 4086 1037 4165 pontificis.
1049 4087 1211 4152 budovico
1224 4087 1382 4153 cedmae

302 4187 362 4260 uis,
380 4187 501 4250 ludoco
518 4187 557 4249 de
572 4185 674 4249 fileto
697 4196 727 4247 ct
748 4185 873 4248 sindico
891 4185 1062 4261 facultatis,
1080 4186 1132 4267 qui
1156 4197 1188 4251 et
1209 4195 1381 4252 consuetu·
