3158 4952
736 488 775 498 -
798 451 920 514 320—

274 633 484 698 ecclesiastici
501 633 706 698 subscribere
718 635 916 714 cogebantur
930 630 1140 712 pacificationi
1153 629 1313 694 Gandeosi
1325 637 1356 694 ol

275 732 384 797 unioni
400 741 538 798 statuum
554 750 625 798 corn
642 735 791 814 Orangio.
809 735 977 798 Barmalae
990 741 1096 796 autem
1113 732 1192 795 haec
1208 729 1356 810 apposuit

272 830 441 897 Montanus
459 853 465 894 :
485 831 615 914 «Neque
636 849 707 913 ego.
726 848 829 912 neque
848 832 963 896 fratres
987 831 1059 902 mei,
1076 829 1292 910 approbamus
1307 827 1357 894 vel

276 953 289 988 a
308 930 527 1010 improbamus
551 931 801 1011 paciliaatioaem
818 930 1033 1002 Gandensem,
1050 931 1103 1010 qui
1127 929 1164 992 ad
1188 929 1250 993 hoc
1269 945 1355 992 arma

277 1051 290 1085 a
310 1045 372 1092 non
396 1029 550 1093 habemus
573 1030 635 1093 nisi
659 1031 846 1108 spiritualia,
864 1030 980 1111 quibus
1005 1031 1101 1093 [leam
1118 1045 1155 1092 er
1172 1027 1271 1091 corde
1285 1044 1340 1090 ora

277 1147 290 1184 a
309 1143 391 1198 mus,
411 1138 442 1192 ut
458 1129 612 1192 oorrcedal
632 1129 739 1208 Belgio
763 1145 885 1206 placem,
903 1127 1191 1208 antverpiensibus
1209 1143 1355 1206 perseve-

277 1245 289 1282 r·
308 1227 442 1289 raoliam
460 1227 490 1290 ia
505 1228 567 1291 hde
579 1229 747 1301 cellrolioa,
762 1229 942 1292 haeresium
956 1227 1198 1306 extirpationem
1215 1233 1246 1289 et
1262 1225 1355 1289 talem

278 1325 339 1388 »in
376 1327 606 1407 temporalibus
644 1328 899 1406 prosperitatem,
935 1327 1038 1407 qualia
1068 1342 1178 1389 eorum
1208 1335 1357 1389 aeternae
1403 1355 1408 1368 ·

277 1449 290 1486 »
309 1427 403 1490 saluti
421 1427 558 1506 expedit.
578 1450 590 1484 a
608 1429 685 1490 holo
709 1429 798 1491 luere
815 1427 894 1491 haec
918 1443 1028 1490 mense
1046 1428 1158 1489 martio
1176 1425 1268 1499 lala,
1286 1431 1358 1487 ante

275 1526 404 1606 pascha,
419 1526 503 1606 quod
520 1543 559 1590 eo
572 1542 656 1589 aaao
670 1527 828 1590 incidebat
844 1527 876 1588 in
893 1525 932 1588 30
946 1525 1062 1589 martii.
1076 1524 1140 1588 Clr.
1156 1523 1356 1598 brenensem,

274 1627 439 1706 Aalocrpia
457 1624 578 1689 Christo
593 1643 722 1688 trasceas
737 1633 764 1688 el
780 1644 929 1701 crescens,
943 1626 979 1698 V,
997 1645 1027 1704 p.
1045 1624 1116 1688 ata.

315 1723 458 1798 Interim,
476 1723 551 1788 dum
579 1724 720 1804 religiosi
744 1725 791 1788 sic
808 1724 1003 1788 vexabantur
1025 1734 1056 1788 et
1073 1739 1130 1802 per
1145 1722 1291 1805 publicas
1310 1721 1357 1784 in·

273 1821 465 1902 quisitiooes
492 1824 592 1904 magis
619 1825 785 1904 magisque
812 1824 894 1887 inter
911 1822 1055 1903 plebeios
1079 1822 1221 1900 suspecti
1245 1821 1357 1885 reddo-

274 1920 400 1993 banlur,
428 1922 480 2001 qai
508 1939 580 1985 eura
607 1921 745 2004 Orangio
771 1921 907 2002 agebant
928 1921 967 1985 ad
992 1938 1107 1984 novum
1132 1919 1356 2001 iusiurandum

274 2029 424 2100 tanquam
447 2020 523 2084 cleri
548 2021 696 2101 laqueum
715 2020 909 2094 cudendum,
928 2020 1054 2084 tarrdem
1071 2037 1137 2084 rem
1155 2019 1358 2099 perfecerunt

274 2127 304 2183 ol
320 2118 585 2199 conscripserunt
602 2137 657 2200 per
670 2121 797 2184 niodum
811 2121 917 2192 edicti,
930 2120 1018 2200 juxta
1031 2120 1115 2200 quod
1129 2135 1242 2184 omnes
1254 2117 1356 2182 ecole-

272 2217 393 2282 siaslici
414 2217 523 2298 jurare
546 2219 831 2298 compellebantur,
856 2217 942 2301 quod
964 2219 1116 2283 loannem
1140 2215 1355 2290 Austriacum,

272 2325 420 2399 agentem
444 2334 537 2381 snam
556 2317 586 2380 in
611 2317 732 2399 Belgio,
750 2319 905 2382 baberent
928 2317 1053 2382 hostem
1071 2317 1203 2398 patriae,
1221 2330 1358 2397 eumque

273 2436 312 2484 eo
330 2419 421 2484 titulo
438 2430 720 2501 prosequerentur,
740 2437 865 2484 uecrron
882 2429 912 2484 et
928 2419 956 2485 ei
973 2419 1203 2492 adhaerentes;
1222 2433 1358 2499 eumque

273 2519 366 2582 bonis
390 2535 428 2582 ao
450 2519 642 2599 corporibus
669 2529 756 2583 extra
785 2520 917 2599 patriam
938 2518 1119 2584 submoveri
1144 2517 1356 2598 adjuvabunta

272 2625 304 2682 et
320 2618 403 2698 quod
429 2618 682 2697 paotllcattonem
705 2618 948 2682 (landavensem
973 2626 1083 2682 exacto
1098 2615 1355 2696 comprobarent,

270 2715 359 2795 juxta
375 2733 470 2796 quam
484 2717 629 2789 alathiae,
639 2717 692 2798 qui
706 2734 764 2797 pro
778 2717 924 2798 principa
936 2716 1157 2781 Aureusicano
1170 2715 1356 2796 imperabat,

272 2815 452 2879 obedirent.

314 2913 458 2978 Edictum
483 2931 560 2979 rero
584 2915 645 2980 hoc
669 2915 863 2994 publicatum
886 2916 982 2981 Petro
1001 2933 1018 2980 a
1035 2916 1151 2989 llonte,
1168 2913 1356 2996 guardiano,

272 3012 453 3092 ceterisque
481 3013 640 3094 religiosis
666 3014 849 3095 singulatim
873 3024 1058 3095 proponunt
1080 3013 1308 3088 commissarii;
1328 3013 1357 3076 in

272 3109 357 3191 quod
378 3109 499 3190 jurare,
523 3111 571 3176 vel
596 3111 787 3192 simpliciter
808 3113 841 3175 io
868 3112 930 3178 fide
947 3111 1154 3194 presbyterali
1173 3112 1358 3193 promittere

273 3208 391 3284 noluit;
405 3209 550 3290 adeoque
563 3209 601 3272 Bb
614 3209 687 3290 maji
701 3210 791 3282 leta,
802 3229 865 3290 quo
880 3211 957 3276 baec
969 3211 1155 3292 agebantur,
1169 3227 1187 3275 e
1199 3217 1356 3274 conventa

273 3325 333 3372 sno
366 3325 437 3372 cum
471 3309 711 3388 quatuordecim
741 3310 956 3374 corrlratribus
980 3309 1139 3384 educitur,
1170 3309 1358 3390 navigioque

273 3406 490 3486 imponuntur.
516 3405 603 3470 later
628 3406 838 3487 navigandum
865 3407 997 3488 injurias
1013 3417 1044 3471 et
1060 3407 1272 3470 auritumelias
1288 3423 1357 3486 per·

270 3504 369 3584 pessi,
388 3505 588 3570 tleclrliniam
615 3507 792 3585 appellunt,
813 3526 829 3569 a
852 3507 1030 3570 czrlvioistis
1053 3507 1181 3586 spoliati
1199 3505 1238 3568 ab
1254 3507 1353 3578 omni,

272 3605 356 3685 quod
375 3621 483 3670 secum
509 3605 678 3670 habebant.
698 3607 866 3670 hlontanus
883 3607 1052 3670 hlechlioia
1071 3606 1242 3670 lovanium
1259 3607 1356 3680 verrit,

274 3703 455 3784 ibidemque
472 3713 562 3784 peste
577 3713 758 3784 correptus,
776 3723 875 3769 senex
891 3705 969 3768 obiit
986 3705 1024 3767 all
1039 3705 1150 3784 aprilis
1168 3704 1258 3766 tela.

314 3800 378 3864 Cir.
403 3803 556 3877 Baianus,
581 3805 717 3868 Historia
738 3803 987 3878 Lapurdensium,
1011 3803 1034 3876 l,
1060 3821 1090 3882 p.
1115 3802 1186 3877 too,
1209 3803 1281 3879 aot,
1298 3801 1357 3866 265

272 3908 304 3964 et
319 3901 397 3974 59&
416 3901 612 3972 Dreacxsens,
630 3903 796 3984 antuerpia
820 3903 939 3968 Christo
960 3919 1088 3965 noscens
1109 3909 1138 3964 el
1158 3920 1306 3974 crescent,
1320 3901 1355 3976 V,

275 4015 305 4077 p.
323 3999 476 4073 ata-eata
494 3999 639 4073 Forrens,
659 4000 845 4064 Bibliotheca
861 4002 987 4082 belplaa,
1007 4000 1048 4076 ll,
1066 4018 1097 4080 p.
1113 3999 1185 4064 993.

315 4167 469 4248 Excerpta
485 4188 523 4234 ex
540 4172 624 4234 Artis
640 4171 810 4246 facultatis,
825 4187 907 4252 quae
921 4181 1112 4252 sequuntur,
1131 4169 1264 4233 mullum
1280 4187 1356 4234 con-

274 4267 376 4331 serent
406 4268 443 4331 ad
476 4269 698 4333 illustrandam
728 4271 893 4335 historiam
932 4269 1116 4351 paedagogii
1149 4269 1357 4334 Balcoaensis
