3158 4952
735 453 920 518 -306-

322 633 455 697 Fallitur
476 650 553 715 ergo
576 635 740 714 Gramaye.
768 634 843 698 dum
867 634 899 698 in
921 651 982 699 suo
1003 636 1139 698 Louunio
1158 633 1278 700 asserit
1296 633 1374 698 Cas-

281 744 366 798 trum
403 731 617 806 liechiiniam,
650 732 762 796 Lilium
784 733 1019 814 folconemque
1047 733 1201 808 blesiam,
1236 733 1373 798 Porcum

281 832 406 898 Thenas
424 830 591 911 migrasse.

447 1011 682 1092 3.-111911111
704 1011 742 1076 de
762 1012 794 1075 iu
815 1013 979 1094 ptuapopte
1000 1013 1041 1075 du
1064 1015 1204 1076 Foueon.

323 1175 345 1238 l.
361 1175 491 1238 loannes
513 1175 708 1246 Srocveuron
734 1175 956 1252 lovaniensis,
984 1176 1098 1240 artium
1123 1176 1276 1256 magister
1291 1185 1322 1240 et
1338 1176 1373 1238 in

280 1290 318 1340 ca
344 1273 493 1338 facultate
521 1273 631 1353 legens
658 1281 689 1336 et
713 1290 829 1353 regens
856 1274 895 1337 ab
923 1275 990 1355 ipsa
1018 1275 1208 1339 Academiae
1234 1275 1375 1355 origines

280 1373 399 1454 quique
425 1389 466 1435 eo
491 1369 583 1435 titulo
610 1371 754 1436 interfuit
783 1373 1026 1454 congregationi
1056 1372 1280 1437 Universitaiis
1307 1372 1371 1436 diei

280 1471 299 1530 ii
315 1470 554 1550 septenariae
574 1469 637 1534 Bar
658 1471 774 1534 citatur
796 1480 828 1534 ut
851 1474 973 1551 primus
996 1489 1112 1552 regens
1136 1488 1194 1536 seu
1218 1471 1375 1536 dominus

280 1569 437 1650 gymnasii
453 1567 548 1649 hujus
561 1569 787 1642 Falconensis3
803 1579 940 1633 attamen
954 1587 1018 1651 quo
1031 1571 1239 1634 fundamento
1252 1568 1377 1633 nitatur

281 1671 361 1732 baec
377 1668 527 1740 assertio,
542 1669 686 1732 invenire
704 1685 767 1731 non
786 1668 887 1746 potui.

322 1765 452 1830 Electus
469 1765 526 1830 fuit
540 1765 681 1830 loannes
697 1765 883 1846 Stooleipot
899 1767 929 1829 in
947 1776 1188 1846 procuratorem
1204 1783 1260 1831 seu
1279 1767 1372 1830 deca-

283 1882 357 1931 nurn
381 1865 540 1928 securitatis
561 1865 674 1928 artium
699 1864 738 1927 31
757 1864 893 1945 januarii
910 1867 989 1928 1133
1013 1875 1043 1931 et
1067 1865 1253 1931 successive
1269 1867 1373 1929 couti-

281 1973 401 2028 nuatus
419 1964 575 2044 usquead
592 1964 631 2025 ll
647 1964 758 2044 aprilis
774 1963 919 2044 ejusdem
936 1965 1023 2028 anni.
1041 1967 1134 2028 drino
1151 1964 1230 2027 1139
1247 1964 1373 2027 transiit

281 2063 320 2126 ad
350 2061 532 2126 facultatem
564 2061 753 2138 medicinae,
786 2062 818 2124 in
849 2079 909 2143 qua
939 2063 979 2126 36
1008 2063 1120 2143 aprilis
1151 2061 1230 2126 1133
1259 2063 1374 2127 doctor

282 2161 486 2225 renuntiatus
509 2161 578 2224 fuit.
606 2160 678 2224 Fuit
701 2172 732 2225 et
749 2162 779 2222 in
796 2161 860 2224 divi
876 2160 986 2225 iacobi
1005 2160 1132 2224 lovanii
1150 2169 1270 2240 pastor.
1289 2159 1375 2224 Obiit

282 2275 394 2323 mense
408 2258 500 2337 junio
518 2259 608 2321 1165.
626 2259 704 2323 Vide
721 2261 803 2322 inter
820 2258 999 2322 medicinae
1014 2259 1178 2323 doctores.

323 2354 499 2422 Occasione
521 2357 591 2437 ejus
614 2357 782 2422 discessus
805 2357 989 2421 afacultate
1011 2357 1126 2421 artium
1149 2357 1298 2438 leguntur
1324 2375 1374 2420 se·

282 2455 412 2536 quentia
443 2456 474 2516 in
501 2457 586 2519 Actis
611 2455 770 2519 facultatis
794 2455 833 2518 ad
860 2456 945 2520 diem
973 2456 1011 2519 iil
1038 2455 1232 2535 septembris
1265 2455 1372 2518 lina:

283 2575 296 2610 v
317 2553 388 2615 Fuit
410 2553 611 2626 conclusum,
635 2553 719 2633 quod
746 2555 897 2634 magister
920 2554 1060 2618 loannes
1086 2553 1285 2632 Stoekelpot.
1303 2554 1378 2616 viso

282 2651 366 2732 quod
385 2667 441 2733 per
458 2652 639 2732 ingressum
656 2653 687 2714 in
706 2650 888 2716 facultatem
906 2651 1065 2717 medicine
1080 2653 1282 2716 contravenit
1299 2668 1375 2732 pro·

283 2751 354 2830 prio
380 2767 440 2814 suo
464 2750 658 2830 iuramento,
676 2751 761 2831 orrod
780 2751 919 2831 prestitit
951 2751 1149 2832 procuratori
1177 2761 1208 2815 et
1234 2749 1375 2814 facultati

282 2849 397 2912 artium
424 2848 465 2912 de
490 2850 708 2928 permanendo
735 2857 767 2913 et
787 2850 902 2913 stando
928 2850 1122 2914 ordinationi
1150 2859 1181 2914 et
1207 2849 1373 2928 coricepiis

282 2947 442 3011 facultatis
465 2947 581 3010 artium
605 2958 717 3010 contra
742 2957 807 3011 tres
824 2948 904 3010 alias
927 2948 1094 3012 facultates
1117 2957 1149 3012 et
1174 2947 1260 3011 nulio
1278 2949 1377 3010 modo

282 3045 554 3110 contraveniendo
572 3063 630 3110 nec
646 3045 927 3121 corisilio,aotione
941 3063 999 3111 nec
1012 3047 1120 3110 favore
1136 3047 1271 3120 eisdem,
1286 3037 1372 3109 sicut

282 3152 314 3208 et
330 3159 444 3208 omues
461 3145 514 3205 aiii
532 3145 674 3224 magistri
698 3145 737 3208 ad
762 3145 792 3208 id
811 3147 957 3209 fecerunt
973 3145 1168 3208 immobilem
1185 3144 1378 3208 confedera-v

283 3243 414 3318 tionem,
429 3243 561 3307 deberet
577 3245 703 3308 excludi
720 3254 751 3308 et
767 3245 963 3325 sequestrari
980 3261 997 3307 a
1013 3243 1151 3308 concilio
1167 3253 1198 3308 et
1213 3243 1373 3308 delibera-

283 3341 370 3406 tione
397 3343 559 3406 facultatis
586 3343 715 3416 artium‚
745 3353 776 3408 et
803 3356 951 3424 tarrquarn
982 3344 1160 3408 membrum
1191 3342 1304 3406 inutile
1333 3342 1375 3405 ad

282 3441 509 3523 quodcumque
525 3441 666 3506 officium
682 3443 826 3524 ejusdem
844 3444 1005 3508 facultatis
1021 3443 1174 3524 reputari,
1190 3442 1251 3506 nisi
1268 3441 1373 3506 eidem

282 3541 378 3605 fuerit
393 3540 532 3620 legitime
549 3543 778 3608 reconciliatus
795 3544 833 3606 ad
850 3543 1010 3607 dictamen
1027 3543 1151 3623 integre
1167 3540 1338 3605 facultatis.
1356 3562 1373 3597 v-

325 3689 364 3752 ll.
381 3689 511 3754 loannes
536 3690 689 3754 iioootvur
717 3693 882 3772 (Reclussf)
903 3707 986 3755 utras
1012 3692 1156 3755 Flauium
1181 3687 1372 3767 (Viomineirx

282 3787 332 3852 vel
364 3787 557 3866 Viemincltei,
586 3789 667 3855 forte
694 3791 742 3855 sic
768 3791 875 3856 dietus
901 3808 919 3855 a
946 3791 1047 3872 patria
1070 3790 1149 3855 urbe
1174 3787 1371 3858 oldenarda,

283 3903 395 3966 eques,
412 3887 451 3950 ab
467 3888 538 3967 ipso
554 3889 744 3954 Academiae
767 3891 977 3955 lovaniensis
996 3890 1129 3954 exordio
1145 3888 1221 3968 legit
1236 3903 1274 3950 ao
1290 3885 1375 3950 rexit

282 3984 316 4046 in
344 3985 493 4050 facultate
514 3986 654 4062 artium;
677 3987 769 4068 cujus
792 3999 993 4068 procurator,
1012 3989 1043 4052 id
1068 3997 1118 4052 est
1139 3988 1294 4060 decanus,
1312 3983 1374 4047 fuit

284 4083 383 4164 priori
406 4085 475 4150 viee
490 4101 507 4148 a
524 4085 564 4148 31
587 4085 658 4167 maji
682 4104 784 4168 usque
806 4089 844 4152 ad
868 4089 907 4151 tl
929 4089 1054 4169 augusti
1078 4086 1168 4160 lint,
1189 4097 1221 4152 et
1236 4087 1371 4149 alterna

282 4181 322 4246 nt
346 4181 482 4264 januarii
505 4186 557 4248 ad.
571 4185 610 4247 33
632 4186 745 4266 aprilis
768 4186 859 4250 ttae.
881 4186 1070 4267 Receploris
1092 4202 1220 4266 quoque
1235 4199 1371 4248 munere
