3232 4940
752 417 938 482 -492-

301 603 454 688 diffuso,
476 603 521 671 ob
544 623 639 671 anno
658 602 810 672 Domini
832 599 926 672 1626
951 605 998 670 od
1023 606 1131 686 finem
1156 605 1245 669 anni
1273 599 1389 685 1729;

302 736 458 810 ouvrage
484 738 659 811 anonyme
690 717 734 788 ds
765 715 978 788 l’Oratorieu
1011 715 1135 786 Picrre
1170 715 1221 786 Da
1251 715 1387 803 Swerl;

301 836 436 902 [naulis
450 833 708 920 Flandroram,
725 837 822 921 opud
838 833 1177 914 Pessinuntiam
1195 830 1265 902 vol.
1280 831 1388 905 iu-40.

569 1075 600 1140 l.
617 1110 658 1122 —
674 1076 846 1139 Fondotion
866 1077 908 1139 tiu
930 1075 1041 1158 collige
1064 1077 1118 1155 (ll.

341 1239 457 1304 linimus
473 1240 610 1305 Oratorii
623 1243 746 1304 Domini
760 1243 845 1307 ioan.
860 1244 952 1306 Anno
968 1241 1060 1319 tsot,
1075 1252 1208 1307 sanctus
1222 1241 1389 1323 Philippus

298 1339 413 1405 Nerius
435 1340 555 1406 Romae
577 1341 757 1406 communis
783 1342 866 1406 vitae
890 1341 1025 1406 ior-mam
1050 1342 1170 1422 incepit
1193 1359 1266 1406 cum
1286 1341 1387 1407 sociis

297 1440 409 1522 paucis
438 1450 470 1505 et
499 1441 646 1515 selectis,
673 1441 823 1506 videlicet
852 1445 987 1507 caesare
1017 1442 1171 1518 Bononio,
1204 1441 1387 1506 Alexandro

298 1537 410 1613 Fideli,
426 1537 731 1605 ioanneFrancisco
751 1540 904 1616 Bordino,
922 1540 1040 1605 Jacoho
1063 1541 1201 1605 Salortio
1217 1550 1249 1605 et
1262 1539 1387 1604 loanne

296 1635 447 1700 ilausico.
475 1640 574 1710 Quem
601 1648 727 1702 coetum
756 1641 972 1718 postmodum,
998 1656 1014 1702 a
1042 1638 1198 1720 frequenti
1224 1637 1383 1702 orationis

296 1738 477 1801 communis
493 1737 646 1802 exercitio
658 1737 689 1802 in
706 1738 848 1802 oratorio
861 1755 918 1802 seu
935 1737 1055 1804 sacello
1068 1738 1171 1802 sancti
1184 1737 1380 1818 Hieronymi,

296 1835 567 1917 Conprcpntionem
584 1837 718 1901 oratorii
733 1837 896 1917 appellare
913 1839 1043 1918 placuit.

335 1931 471 2014 liptanat
492 1935 620 2016 quidem
642 1944 773 2000 sanctus
800 1935 979 2018 Philippus,
1004 1945 1115 2017 utpote
1137 1935 1315 1999 animarum
1341 1949 1382 1997 ac

294 2032 485 2114 disciplinae
500 2034 740 2100 ecclesiasticae
754 2036 875 2100 zelator
890 2037 1038 2110 eximius,
1055 2044 1087 2099 ut
1103 2035 1220 2115 ubique
1234 2035 1378 2114 gentium

295 2130 395 2195 lorma
415 2131 542 2196 vivendi
564 2134 742 2214 apostolica
758 2134 990 2199 instauraretur
1011 2135 1044 2196 in
1064 2134 1163 2206 clero,
1181 2143 1276 2214 atque
1297 2130 1380 2194 adeo

294 2240 327 2294 ut
339 2230 473 2312 collegia
486 2232 780 2297 ecclesiasticorum
800 2233 870 2298 sine
885 2233 969 2297 votis
985 2233 1017 2296 in
1029 2232 1191 2298 communi
1204 2229 1377 2296 viventium

293 2329 521 2406 fundarentur;
554 2348 662 2395 vorum
695 2348 865 2413 numquam
896 2331 1003 2398 induci
1034 2332 1145 2412 potuit,
1178 2341 1211 2394 ut
1238 2345 1274 2393 ea
1303 2343 1377 2392 cum

291 2427 439 2493 Oratorio
462 2428 607 2493 Romano
631 2439 793 2509 pateretur
815 2447 888 2495 esse
913 2447 1057 2496 connexa
1073 2447 1130 2496 seu
1149 2429 1246 2506 unita,
1264 2441 1375 2508 quam-

289 2543 384 2607 quam
400 2528 478 2593 haec
495 2529 570 2594 unio
587 2530 627 2593 ob
648 2530 900 2609 specialissimas
924 2531 1065 2595 rationes
1085 2528 1234 2594 domibus
1252 2525 1376 2605 Neapo-

287 2624 417 2702 litanae,
435 2625 712 2707 Septempedanae
728 2639 760 2692 ot
775 2634 926 2693 Anxanae
943 2629 1037 2693 luerit
1052 2627 1189 2692 indulta.

328 2723 440 2790 Ereota
457 2735 532 2791 sunt
547 2727 675 2790 interim
692 2728 724 2790 in
743 2727 889 2806 pluribus
904 2727 1013 2792 ltaliae
1029 2728 1109 2792 louis
1127 2725 1273 2791 Oratoria
1288 2723 1373 2788 diota

287 2823 434 2899 Neriana,
452 2825 493 2890 ob
509 2825 751 2890 similitudinem
769 2839 800 2889 at
820 2826 988 2890 maximam
1004 2825 1190 2890 affinitatem
1208 2840 1281 2888 cum
1295 2837 1372 2887 coo-

286 2924 472 3003 gregatione
484 2941 501 2988 a
514 2923 607 2989 beato
621 2924 767 3006 Philippo
779 2925 876 2990 Nerio
893 2925 1049 2998 instituta,
1064 2933 1157 3005 prout
1169 2934 1200 2988 et
1213 2923 1246 2986 in
1259 2920 1369 2984 Galliis
1406 2999 1412 3010 ⁸

284 3030 381 3102 atque
396 3022 428 3086 in
444 3022 516 3104 ipso
534 3024 642 3106 Belgio
659 3035 782 3100 nostra,
800 3026 905 3106 qualia
922 3036 996 3090 sunt
1012 3024 1193 3090 Oratorium
1209 3023 1368 3088 Tonionse

284 3119 317 3183 iu
334 3119 476 3188 dioecesi
499 3123 676 3188 Genevensi
690 3133 721 3188 et
736 3125 850 3188 ducatu
867 3123 1038 3203 Chablasii‚
1063 3123 1245 3190 oratorium
1257 3123 1370 3188 beatae

286 3219 403 3284 llariae
435 3220 613 3286 Gratiarum
644 3223 835 3288 dioeceseos
864 3222 1097 3303 Foroiuliensis
1129 3223 1161 3286 in
1190 3220 1371 3294 Provincia,

284 3319 525 3401 Asprioollense
540 3323 590 3404 (cic
607 3322 778 3404 Montaipul
793 3325 826 3386 in
848 3323 1027 3397 Brabantia,
1044 3322 1217 3388 cerviense
1239 3331 1271 3386 et
1293 3322 1372 3385 Bra-

284 3419 396 3484 uiense
417 3420 450 3484 in
471 3421 648 3496 Hannonis,
668 3422 835 3488 Duaoense
857 3434 888 3487 et
910 3421 1128 3488 Ostendanum
1150 3423 1183 3486 in
1203 3420 1366 3494 Flandria,

282 3519 409 3585 tametsi
432 3521 604 3603 pleraeque
626 3539 666 3587 ex
686 3521 751 3586 illis
772 3523 1075 3604 congregationibus
1097 3531 1210 3603 postea
1231 3519 1369 3586 transic-

283 3617 347 3682 rint
358 3619 397 3682 ad
414 3621 696 3702 congregationem
712 3620 850 3687 Oratorii
867 3621 993 3690 Domini
1007 3623 1083 3687 lesu
1100 3639 1157 3702 per
1172 3621 1371 3685 cardinalem

283 3717 447 3782 Berullum
464 3729 616 3784 areolam.

324 3815 511 3882 Uberrimos
543 3819 648 3884 dictae
677 3821 938 3902 congregationis
969 3822 1092 3886 lruotus
1120 3837 1193 3885 cum
1222 3819 1370 3884 viderent

282 3913 428 3979 nonnulli
445 3915 565 3982 Galliae
584 3917 745 3983 antistites
767 3919 886 4000 aliique
902 3920 962 3983 viri
982 3919 1200 4000 percelebres,
1217 3917 1373 3984 anhelare

318 4143 354 4217 (l)
375 4145 465 4218 Voyez
476 4148 501 4202 la
514 4148 666 4204 chronicon
679 4159 896 4220 conprepationts
908 4155 1031 4210 Oratoril
1044 4155 1155 4209 Domini
1161 4153 1237 4219 lesu,
1250 4169 1297 4223 pp.
1311 4151 1365 4208 la,
