3248 4954
753 346 917 412 -98-

283 552 296 589 ll
315 529 387 593 nius
403 527 555 606 enseigne
577 528 716 609 quelque
739 537 843 608 temps
865 529 914 592 les
933 527 1162 592 belles-lettres
1185 544 1224 594 en
1247 527 1365 609 qualite

278 628 352 693 »de
377 624 565 707 precepteur
587 643 626 691 eu
643 628 767 710 college
790 629 830 692 de
846 625 1086 702 seint-lerbme,
1105 627 1158 708 qui
1181 625 1258 691 dtait
1280 625 1364 690 sitne

282 751 295 786 n
312 726 330 791 tr
347 725 478 792 l'entree
494 727 536 790 du
553 727 626 806 quei
645 726 773 792 nomme
788 728 825 790 de
840 727 950 806 Lepide.
972 750 985 784 u

321 825 345 887 ll
363 835 413 889 est
428 841 546 888 encore
562 825 709 904 question
728 825 769 887 du
787 824 910 904 college
927 824 967 888 de
982 823 1218 888 seint-lerbme
1240 822 1320 886 daus
1336 822 1366 887 le

278 933 461 994 testameut
480 940 518 987 eu
535 923 607 987 dote
623 924 665 987 du
683 925 700 984 'l
717 924 796 988 avril
813 924 905 998 tenu,
923 923 964 988 de
979 923 1076 987 llenri
1098 923 1165 985 Van
1181 922 1239 986 der
1254 921 1365 996 Voort,

278 1025 359 1087 natit'
377 1023 417 1086 (le
433 1022 572 1095 Gemert,
590 1025 702 1086 mettre
724 1021 759 1086 es
775 1035 841 1086 erts
865 1033 896 1086 et
918 1023 1031 1086 aricien
1054 1020 1133 1085 cure'
1157 1021 1196 1084 de
1213 1022 1361 1085 Bertlrem

280 1121 354 1200 pres
377 1122 417 1185 de
437 1120 589 1186 louvain.
611 1121 756 1197 Geloi-ci,
774 1121 905 1185 voulunt
919 1121 1031 1186 sunder
1055 1136 1116 1184 une
1139 1119 1258 1184 bourse
1286 1135 1367 1199 pour

279 1219 398 1284 l’etude
410 1220 450 1284 de
462 1220 491 1282 le
505 1219 709 1299 philosophie
721 1229 752 1284 et
765 1221 804 1283 de
816 1220 845 1283 ln
859 1219 1029 1301 tlre'clogle,
1044 1219 1213 1298 s'exprime
1225 1218 1305 1281 dans
1318 1217 1366 1282 les

280 1329 398 1382 termes
418 1319 588 1383 suivants:
614 1318 771 1399 Relinque
856 1319 930 1382 item
955 1317 1090 1382 reditum
1113 1317 1153 1380 22
1168 1317 1366 1381 florenorum

280 1417 439 1480 uLovenii
465 1421 546 1497 epud
579 1419 716 1498 Leydem
747 1435 846 1498 prope
878 1416 988 1480 [liliam
1019 1433 1118 1498 super
1147 1417 1256 1487 domo,
1285 1430 1367 1495 quae

282 1539 295 1574 n
314 1527 447 1580 vocetur
462 1519 570 1581 domur
584 1520 683 1580 sancti
700 1519 892 1597 Hieronymi,
907 1516 994 1597 Juxta
1017 1516 1129 1580 literas
1150 1515 1339 1595 incipientes
1357 1532 1364 1576 z

282 1637 295 1674 n
314 1617 462 1678 Dominus
478 1634 514 1678 oc
525 1618 668 1696 magister
682 1617 839 1681 Cornelius
860 1617 1039 1680 Brouotoris
1055 1617 1103 1692 (l),
1119 1615 1227 1680 ultime
1239 1615 1367 1676 decem·

282 1714 380 1779 »bris
407 1715 498 1788 1511,
527 1716 558 1778 in
588 1715 690 1779 medie
719 1717 757 1792 til
783 1718 942 1793 [cerneret
970 1729 1063 1794 quern
1096 1714 1170 1776 milii
1201 1712 1240 1776 ad
1270 1711 1368 1776 vitam

281 1836 295 1872 n
314 1815 443 1894 reliquit
464 1817 625 1894 quondum
645 1815 795 1878 dominus
818 1830 856 1878 ao
872 1813 1024 1894 magister
1039 1812 1274 1893 Clincquenier,
1292 1826 1365 1874 cuni

281 1933 294 1968 n
314 1921 470 1990 potestate
486 1911 517 1973 in
535 1911 620 1992 pium
638 1927 731 1976 usum
747 1911 941 1992 disponendi
959 1909 1008 1988 (3).
1029 1933 1042 1969 n

314 2109 351 2179 pl,
371 2109 429 2161 Bax
455 2109 565 2162 conolut
590 2109 624 2163 de
650 2125 681 2163 ce
708 2125 823 2179 passage
848 2109 929 2180 qu'au
956 2109 1026 2162 mois
1051 2107 1086 2162 de
1111 2104 1253 2162 decembre
1283 2105 1362 2170 1522,

280 2197 418 2253 Gorneille
438 2198 564 2262 Sculteti,
580 2198 650 2252 elias
671 2199 840 2263 Bructeris,
856 2199 890 2252 de
903 2198 1000 2253 Weert
1019 2214 1054 2252 en
1074 2197 1205 2263 Gueldre,
1221 2194 1316 2266 regent
1333 2195 1367 2250 de

279 2289 307 2342 le
326 2286 478 2359 pedagogia
497 2289 533 2342 du
548 2289 680 2353 Chriteau,
695 2287 772 2352 etait,
788 2306 823 2344 en
843 2296 930 2343 meme
950 2299 1049 2360 temps,
1065 2287 1204 2360 president
1222 2305 1258 2342 ou
1281 2289 1367 2342 direc-

279 2387 340 2434 teur
350 2380 386 2432 du
397 2379 502 2448 college
516 2381 549 2434 do
562 2378 776 2438 Ssint-Jerbme.
794 2381 870 2436 Nous
881 2398 915 2434 ne
926 2397 1027 2451 repone
1039 2398 1087 2450 pas
1101 2385 1161 2450 trop
1174 2379 1201 2433 la
1211 2378 1367 2433 connexion

278 2472 326 2543 qui
339 2470 425 2526 existe
438 2479 515 2524 entre
536 2471 561 2526 le
574 2478 647 2526 texte
660 2472 697 2524 du
711 2473 860 2526 document
872 2481 899 2526 et
914 2471 1097 2525 l'nffirmation
1117 2472 1150 2525 de
1165 2471 1239 2537 Bex;
1256 2477 1283 2524 et
1296 2487 1367 2524 nous

278 2561 371 2632 priene
390 2561 416 2614 le
436 2563 538 2616 lecleur
555 2562 589 2615 de
607 2561 716 2616 vonloir
736 2562 797 2615 bien
818 2561 940 2631 corniger
959 2562 1027 2616 dans
1047 2579 1078 2615 ce
1098 2577 1160 2614 sens
1180 2577 1211 2615 ce
1225 2578 1278 2632 que
1297 2577 1367 2614 nous

277 2669 362 2706 aruns
372 2652 451 2720 ecrit,
463 2653 569 2722 d'epres
583 2653 652 2716 Bex,
665 2653 733 2706 dene
745 2653 879 2707 l'hietoire
892 2654 940 2707 des
953 2651 1062 2722 regente
1072 2652 1108 2705 du
1120 2652 1250 2720 cheleon,
1263 2659 1295 2705 n⁰
1304 2652 1365 2705 vll.

276 2743 355 2796 Volci
378 2742 516 2798 d'ailleurs
538 2753 674 2798 comment
702 2741 847 2814 s'exprime
872 2745 931 2797 Bax
955 2763 963 2799 ε
990 2767 1002 2788 ι·
1020 2742 1114 2813 Hujus
1138 2748 1231 2796 autem
1254 2741 1368 2811 collegii

280 2859 292 2880 n
308 2834 396 2887 seneli
418 2833 581 2906 Hieronymi
601 2835 632 2888 :tl
657 2835 809 2888 decembris
833 2834 903 2888 1522
923 2850 1032 2904 praeses
1055 2850 1102 2886 seu
1124 2835 1291 2902 gubernator
1309 2837 1368 2887 erat

279 2949 292 2970 n
309 2923 452 2977 Cornelius
466 2924 595 2986 Scultcti‚
607 2923 677 2978 elias
692 2924 861 2991 Braxntoris,
876 2924 909 2977 de
923 2923 1026 2991 Weert‚
1041 2924 1089 2995 qui
1103 2923 1186 2978 etiem
1200 2940 1232 2978 eo
1245 2927 1368 2993 tempore

279 3039 292 3062 a
309 3014 473 3085 paedagogii
485 3015 574 3069 Castri
586 3032 683 3085 regens
693 3021 763 3072 erat.
780 3016 893 3070 Constat
908 3015 935 3068 id
946 3032 979 3068 ex
994 3021 1159 3068 testamento
1172 3014 1227 3067 diei
1242 3012 1368 3084 raprills

279 3130 292 3152 ι
313 3104 381 3160 1570
395 3105 562 3158 venerabilis
581 3106 722 3176 quondam
742 3105 794 3158 riri
813 3105 926 3160 Henrici
946 3106 1006 3159 Ven
1019 3107 1069 3160 der
1082 3105 1179 3172 Voort,
1196 3104 1365 3169 Gemertani,

279 3221 292 3242 ω
308 3197 459 3268 presbyteri
475 3197 633 3251 Leodiensis
647 3196 790 3260 dioecesis,
805 3197 869 3250 dein
885 3197 1111 3265 ancoducensis,
1124 3197 1226 3251 artium
1239 3195 1368 3264 magistri

279 3311 292 3332 u
308 3295 336 3340 et
355 3303 448 3341 sacres
462 3287 617 3356 theologiae
638 3287 805 3342 baccalaurei
828 3288 949 3351 formati,
965 3304 1071 3342 necnon
1090 3288 1228 3358 quondam
1249 3285 1368 3358 pastoris

279 3403 291 3423 n
308 3377 474 3448 parochialis
494 3379 625 3433 ecclesiae
645 3379 679 3432 de
693 3378 823 3432 Berthem
838 3381 921 3449 juxte
935 3379 1096 3444 Lovonium,
1113 3379 1159 3432 ubi
1173 3379 1206 3432 de
1220 3378 1365 3441 reditibus,

279 3493 292 3516 n
308 3486 377 3540 qnos
390 3467 419 3522 in
433 3471 599 3524 erectionem
612 3469 783 3523 fundationis
806 3471 889 3523 unius
903 3471 1003 3524 bursae
1022 3487 1071 3540 pro
1085 3469 1207 3525 studioso
1228 3470 1368 3524 facultatis

279 3585 292 3606 n
308 3560 409 3613 artium
423 3561 465 3613 vel
480 3576 575 3614 sacrae
588 3559 745 3629 theologiae
759 3560 911 3631 deputarit.
930 3587 942 3608 n

314 3651 354 3716 (¹2)
374 3651 448 3704 Dens
463 3668 500 3705 un
513 3657 592 3704 autre
609 3651 728 3714 endroit,
743 3657 779 3705 ou
793 3651 814 3704 il
830 3651 905 3722 parle
920 3653 957 3706 dn
972 3653 1059 3706 meme
1072 3657 1229 3715 testament,
1245 3653 1315 3714 Rex,
1330 3669 1367 3705 an

277 3741 332 3794 lieu
346 3742 380 3796 de
393 3748 425 3794 in
438 3747 540 3806 media,
556 3743 598 3796 dit
610 3749 642 3796 in
653 3749 748 3809 prima
759 3761 880 3798 camera.
1018 3805 1023 3815 ,

314 3833 353 3903 (3)
375 3857 387 3877 ι
401 3833 545 3887 Preelstus
555 3833 681 3887 dominus
691 3833 752 3887 Van
762 3835 810 3888 der
820 3835 907 3890 Voort
916 3836 950 3889 de
961 3835 1178 3903 Gemert,ejoute
1188 3851 1286 3889 encore
1296 3834 1367 3901 an,

277 3924 398 3976 condens
413 3924 464 3978 hoc
481 3941 562 3978 suum
576 3929 771 3978 testamentum
791 3926 865 3979 diei
880 3925 977 3996 aprilis
995 3925 1065 3979 1570
1081 3941 1174 3979 coram
1194 3925 1314 3980 scabinis
1334 3926 1369 3978 de

279 4013 418 4076 Berthem,
434 4019 604 4084 pastoratum
623 4017 704 4071 modo
725 4015 879 4081 dimiseram
899 4021 1012 4088 eratque
1031 4022 1097 4070 tunc
1118 4021 1213 4087 postor
1232 4015 1368 4087 praedicti

281 4105 334 4158 loci
357 4105 391 4158 de
412 4105 541 4160 Berthern
561 4109 693 4176 magister
711 4108 834 4161 ridemus
856 4107 1037 4171 Quaclreleer,
1058 4107 1107 4178 qui
1126 4107 1198 4161 idern
1223 4107 1275 4162 hoc
1291 4113 1366 4162 testa
