3222 4950
716 481 753 492 -
777 447 837 508 -t:t3
863 482 900 492 -

252 643 317 709 quo
338 625 371 688 in
387 625 524 689 Falcone
551 641 613 688 non
630 623 767 705 amplius
784 625 969 700 docebatur,
988 626 1155 704 professor
1180 625 1211 687 in
1229 627 1342 706 paeda⁴

253 725 348 807 gogio
364 723 537 789 flastrensi.
557 723 633 788 Vide
650 723 734 788 inter
751 725 954 802 professores
969 723 1084 799 Castri,
1105 736 1138 788 n⁰
1155 725 1226 788 108.

255 935 521 1000 5.-Foudutions
532 935 702 998 tour-steros
718 942 747 997 et
760 941 867 997 autres
879 937 916 998 de
927 936 958 998 fa
968 937 1134 1016 pedagogis
1149 937 1190 998 du
1207 938 1344 1000 Foucou.

295 1102 325 1165 1.
350 1101 471 1181 Gospor·
491 1103 528 1164 de
554 1101 712 1174 Kirrsclror,
735 1102 828 1182 liujus
848 1103 1033 1184 paedagogii
1052 1119 1181 1183 regens,
1201 1103 1342 1167 fundavit.

257 1217 341 1266 anno
356 1200 437 1264 1188
451 1216 579 1280 parvam
593 1200 722 1264 bursam
738 1218 794 1280 pro
811 1203 975 1281 magistro,
991 1201 1138 1265 studioso
1152 1201 1343 1282 theologiae.

296 1334 327 1396 2.
349 1332 503 1397 Wolterus
528 1335 665 1405 Hernici,
684 1333 764 1396 alias
796 1333 945 1403 Woterfet.
971 1345 1083 1397 cantor
1106 1343 1138 1397 et
1161 1334 1346 1414 capellanos
1373 1387 1379 1398 .

256 1431 358 1497 Caroli
376 1431 526 1504 Aedesio,
542 1431 634 1496 ducis
651 1431 868 1511 Burgundios,
885 1433 1088 1512 praepositos
1105 1431 1344 1504 llalbodicnsis,

260 1531 418 1595 Bruxellis
444 1531 482 1592 ud
511 1541 654 1594 sanctam
681 1529 838 1594 Gudolcm
865 1533 1068 1606 scholarclra,
1096 1541 1124 1595 et
1154 1531 1283 1595 Lovanii
1314 1533 1345 1594 in

259 1631 322 1694 divi
347 1629 431 1694 Petri
460 1629 636 1694 canonicos
665 1629 728 1709 (ubi
757 1631 990 1694 solemnitatem
1015 1629 1253 1694 recollectionis
1282 1630 1345 1694 fes·

259 1739 364 1794 torum
381 1729 491 1792 beatae
508 1727 623 1792 Mariae
640 1727 778 1808 Virginis
795 1729 940 1804 instituit)
963 1738 993 1792 et
1011 1727 1132 1807 primus
1161 1727 1346 1792 carthusiae

259 1828 467 1893 lovaniensis
495 1827 643 1890 fundator
666 1828 714 1904 (1),
743 1829 914 1890 defunctos
938 1827 956 1888 ὅ
983 1825 1165 1890 decembris
1189 1825 1269 1888 1491
1295 1827 1345 1906 (1).

259 1925 402 1990 fundavit
432 1928 560 1989 bursam
593 1927 702 2006 viginti
734 1927 875 2006 quirinae
919 1926 1113 1988 florenorum
1149 1954 1162 1975 ··
1195 1941 1252 2002 pro
1283 1943 1346 1988 uno

258 2025 422 2108 magistro,
439 2035 492 2088 aut
516 2041 572 2102 pro
596 2025 722 2089 duobus
743 2024 925 2104 juvenibus,
946 2025 999 2104 qni
1024 2024 1142 2088 debent
1168 2024 1344 2105 procedere

258 2124 297 2188 ad
314 2124 545 2205 magisterium,
565 2134 597 2187 ut
616 2125 767 2204 loquitor,
788 2125 954 2188 inclusive.
976 2146 989 2181 l

300 2255 330 2319 3.
343 2259 480 2322 foarrues
494 2257 634 2329 Gnillier,
650 2255 827 2320 canonicus
840 2255 1045 2327 Nirellensis,
1061 2255 1203 2318 fundavit
1215 2255 1344 2318 bursam

260 2371 353 2419 unam
370 2356 401 2418 in
421 2356 616 2435 paedagogio
633 2353 809 2428 Castrensi,
828 2371 909 2436 puae
935 2355 1008 2418 irinc
1025 2354 1170 2434 migravit
1193 2353 1232 2416 ad
1248 2353 1345 2418 colle·

258 2455 344 2536 glum
368 2455 592 2536 theologorum
616 2454 728 2536 majus.
757 2455 818 2519 Pro
841 2472 877 2518 ea
902 2455 1074 2533 reliquerat
1100 2455 1229 2517 domum
1256 2469 1346 2515 suam

259 2553 399 2618 Nirellee
415 2555 507 2618 sitam
525 2555 607 2634 apud
625 2553 784 2624 llinoresz
802 2571 896 2634 quum
912 2554 1029 2618 deinde
1045 2553 1121 2617 emit
1137 2553 1235 2615 abbas
1255 2551 1348 2614 Villa·

259 2667 388 2715 nensis.

300 2783 331 2844 1.
363 2784 510 2846 Nicotaus
541 2785 719 2856 Punnetr'eu
752 2784 966 2855 Binolriensis,
1000 2800 1115 2864 regens
1147 2779 1345 2862 paedagogii,

259 2881 402 2946 fundavit
423 2899 507 2946 anno
531 2883 610 2946 1505
634 2883 762 2946 bursam
790 2899 883 2946 unam
904 2884 1050 2946 undecim
1068 2881 1273 2946 cirenensium
1288 2896 1346 2960 pro

259 2996 352 3046 sacro
368 2980 483 3045 diebus
498 2981 670 3046 dominicis
687 2993 718 3046 et
735 2983 859 3046 festivis
876 2981 1081 3046 celebrando.

299 3114 331 3176 5.
346 3115 493 3177 Nicotaus
522 3117 649 3198 Copptu,
666 3116 853 3188 Montensis,
872 3115 989 3178 ibidem
1015 3130 1143 3195 regens,
1162 3112 1194 3174 in
1210 3111 1347 3176 Falcone

256 3211 475 3277 fundationem
492 3213 660 3279 constitnit
675 3214 793 3278 tabulis
810 3213 1060 3278 testamentariis
1075 3229 1161 3276 anno
1177 3210 1270 3274 1535.

299 3345 328 3407 6.
349 3344 458 3408 Petrus
475 3345 588 3420 Cotret,
606 3347 655 3409 vel
674 3345 805 3419 Cortrel,
823 3361 935 3410 sacrae
952 3345 1133 3426 tireologiac
1152 3343 1344 3412 licentiatus,

257 3445 433 3506 canonicos
449 3443 644 3508 cathedralis
659 3443 885 3517 fornacensiS,
902 3445 933 3506 in
950 3445 1061 3508 eadem
1088 3442 1224 3506 ecelesia
1240 3439 1346 3503 arciri-

258 3543 414 3607 diaoonus
429 3544 660 3615 (landavensis,
678 3553 709 3608 et
733 3544 994 3607 reverendissimi
1018 3543 1067 3608 sui
1093 3541 1235 3622 episcopi
1260 3539 1344 3602 vica-

291 3721 327 3793 (1)
347 3721 436 3793 Voyez
454 3741 501 3776 sur
523 3725 549 3776 le
569 3731 631 3794 pert
652 3725 723 3795 prise
745 3742 793 3794 par
808 3724 944 3778 Waterlat
965 3725 1034 3777 dans
1058 3725 1086 3776 la
1104 3722 1244 3776 fondation
1264 3722 1298 3774 de
1319 3721 1346 3773 la

261 3813 422 3868 chartreuse
436 3814 470 3867 de
485 3816 617 3877 Lourain,
630 3818 773 3870 Aualectes
784 3833 860 3882 pour
869 3821 959 3870 servir·
971 3824 989 3868 o
1000 3819 1135 3868 t'ltistor're
1148 3816 1346 3878 ecclesiasticae

255 3909 289 3956 de
302 3909 330 3957 la
343 3905 486 3971 detorque.
502 3907 578 3968 x1v‚
598 3905 679 3970 1877,
695 3925 722 3977 p.
738 3907 803 3963 230.

292 3995 331 4064 (⁴2)
353 4018 365 4040 ι
383 3995 516 4050 Dominus
539 3995 682 4052 Walterus
706 3997 854 4062 Waterlet,
874 3998 945 4052 alias
968 3997 1089 4056 chrici,
1184 3995 1252 4050 obiit
1272 4011 1345 4050 enno

259 4083 338 4146 tter.
355 4085 383 4138 in
398 4088 519 4156 profesto
532 4087 652 4142 Nicolei.
670 4113 682 4134 u
701 4087 860 4154 Cnrouique
879 4093 913 4142 de
932 4093 960 4142 lo
978 4093 1139 4142 chartreure
1157 4093 1191 4140 de
1205 4087 1344 4146 musaeu.

254 4174 324 4228 dans
340 4177 379 4230 les
394 4177 547 4242 Analectes,
564 4179 639 4242 xiv,
656 4196 682 4249 p.
698 4178 764 4234 246.
