3232 4942
763 507 948 572 -ctl-

314 709 423 779 posse,
459 693 654 772 domumque
690 688 859 770 quamdam
896 687 927 750 in
959 685 1118 767 praesenti
1155 703 1240 762 esse,
1272 703 1353 768 quae
1384 703 1403 752 a

315 793 459 878 patribus
494 791 604 871 englis
638 789 807 854 societatis
836 787 910 851 lesu
941 795 1034 850 auten
1072 783 1245 849 inhabitata
1278 793 1310 850 et
1335 785 1403 867 iam

314 893 442 958 deserta
480 904 559 966 eret,
591 889 676 952 illam
707 887 766 952 sub
802 901 905 950 annue
937 884 1092 966 pensione
1127 893 1337 965 occuparunt,
1369 893 1405 949 et

313 993 355 1058 de
384 989 520 1072 collegio
546 1005 602 1052 seu
634 985 807 1052 seminario
837 983 1113 1049 missionariorum
1147 983 1400 1063 apostolicorum

314 1087 491 1155 extruendo
508 1095 729 1152 convenerunt
744 1083 796 1168 (l).
815 1085 950 1148 deerant
966 1091 1071 1146 tarrren
1087 1097 1178 1163 opes,
1196 1083 1234 1145 ad
1253 1081 1313 1146 boc
1330 1097 1404 1162 pro·

315 1187 452 1270 positum
484 1183 664 1250 executioni
692 1181 906 1246 mandandum
937 1183 1160 1256 necessariae;
1190 1181 1246 1244 sed
1278 1179 1402 1245 munifi-

314 1287 419 1352 centia
450 1283 661 1366 quorumdam
692 1281 929 1346 benefactorum
968 1279 1068 1360 prima
1098 1279 1194 1360 liuius
1224 1291 1403 1344 conventus

314 1385 459 1452 aedilicia
476 1393 620 1449 extructa
637 1381 774 1454 luerunt,
793 1391 826 1445 ut
843 1389 928 1460 putet
943 1397 981 1444 ox
997 1379 1142 1460 sequenti
1160 1381 1374 1444 instrumento
1391 1397 1399 1442 ε

359 1483 467 1548 nilum
493 1483 535 1548 ob
558 1482 659 1546 zelum
685 1479 850 1560 religionis
872 1488 903 1543 et
928 1479 1124 1558 singularem
1148 1477 1295 1542 ellectum
1324 1494 1402 1559 erga

317 1604 330 1642 n
349 1581 607 1646 praedicatorum
623 1577 773 1642 familiam
790 1577 956 1642 reverendi
972 1575 1144 1641 admodum
1162 1577 1283 1642 domini
1300 1577 1398 1642 domi·

317 1703 330 1742 n
350 1698 409 1745 nus
422 1679 596 1762 Gregorius
609 1677 716 1759 loyce,
733 1676 972 1756 protonotarius
986 1675 1197 1757 apostolicus,
1212 1677 1400 1753 canonieus,

316 1794 486 1860 »persona
510 1795 566 1842 seu
592 1787 697 1841 rector
720 1775 911 1849 Galviensis,
929 1774 1028 1838 abbas
1057 1775 1245 1839 monasterii
1268 1775 1402 1839 canoni-

318 1899 331 1938 r
348 1893 458 1941 corum
476 1876 668 1957 regularium
682 1873 939 1955 dnagdunensis,
955 1874 1106 1936 dominus
1122 1873 1278 1938 ilenricus
1291 1874 1399 1954 loyce,

317 1998 330 2036 n
349 1975 486 2039 vicarius
502 1974 662 2054 generalis
678 1971 838 2036 exereitus
853 1971 1053 2036 serenissimi
1076 1972 1161 2052 regis
1178 1971 1350 2038 Britanniae
1367 1974 1400 2036 in

315 2095 329 2134 r
350 2073 468 2154 Belgio,
485 2073 660 2136 eanonicus
682 2081 714 2136 et
737 2080 845 2151 pastor
868 2071 1006 2152 insignis
1029 2071 1187 2135 ecclesiae
1209 2071 1401 2152 collegiatae

316 2191 329 2231 n
346 2173 449 2235 sancti
465 2170 586 2234 Nicolai
608 2169 788 2234 Galviensis
811 2171 842 2232 in
866 2169 1026 2244 Hibernia,
1045 2179 1076 2234 et
1099 2170 1249 2234 dominus
1266 2171 1399 2235 Guiliel-

316 2293 329 2332 n
349 2287 418 2334 mus
433 2269 541 2350 loyce,
558 2269 701 2350 germani
725 2268 850 2344 iratres,
867 2277 898 2333 et
920 2270 1007 2332 cives
1023 2267 1224 2343 Galvienses,
1243 2269 1273 2332 in
1295 2271 1399 2335 bono·

316 2385 414 2432 ruem
441 2377 570 2432 sanctae
595 2367 706 2432 Crucis
732 2376 763 2431 et
789 2367 949 2447 passionis
974 2367 1049 2430 lesu
1077 2365 1194 2431 Citristi
1222 2368 1400 2433 salvatoris

315 2489 328 2527 n
348 2467 449 2531 nostri
470 2467 640 2530 ecclesiam
664 2465 796 2529 fratrum
815 2464 1027 2529 ilibernorum
1050 2466 1135 2530 seori
1161 2466 1285 2530 ordinis
1303 2466 1395 2532 Prae·

315 2565 523 2629 »dicatorum
554 2563 693 2640 lovanii,
719 2563 779 2628 sub
806 2564 896 2628 tilulo
923 2573 1053 2628 sanotae
1077 2561 1202 2638 Crucis,
1228 2565 1400 2630 aedificare

315 2685 327 2724 u
346 2664 564 2741 inchoassent,
582 2671 612 2727 et
636 2663 771 2744 primum
795 2661 979 2743 angularem
1003 2662 1140 2742 lapidem
1160 2679 1178 2726 a
1202 2663 1288 2727 dicto
1305 2679 1397 2730 reve·

315 2785 328 2824 r
348 2761 447 2826 rendo
462 2761 591 2826 domino
610 2761 746 2825 ilenrico
769 2759 972 2826 benedictum
995 2763 1199 2840 apponendo,
1219 2761 1356 2842 parietes
1379 2779 1396 2827 a

315 2860 560 2924 nlundamentis
581 2860 746 2939 erigendo,
764 2875 859 2940 quem
883 2859 1020 2939 plurima
1047 2860 1220 2923 materialia
1241 2861 1399 2924 submini-

314 2981 327 3018 ι»
345 2958 488 3034 strando,
505 2959 688 3038 architectis
704 2967 735 3022 et
750 2959 907 3038 operariis
923 2958 1083 3039 stipendia
1100 2959 1266 3034 solvendo,
1286 2959 1400 3024 libera·

315 3077 327 3116 o
346 3057 469 3120 tissime
485 3057 523 3119 nd
538 3057 688 3121 lubricam
706 3057 960 3137 prosequendam
979 3067 1119 3120 nostram
1138 3057 1398 3122 communitatem

314 3154 543 3236 »adiuvissent
566 3165 607 3230 et,
639 3156 705 3220 ileo
727 3155 911 3227 auxiliante,
940 3155 1104 3235 inceptum
1130 3171 1213 3234 opus
1239 3155 1278 3218 ad
1303 3155 1399 3220 linem

313 3278 326 3313 n
345 3253 522 3335 perducere
538 3253 713 3327 intendant,
732 3253 812 3318 utin
830 3261 940 3318 nostro
955 3254 1094 3335 collegio
1113 3254 1270 3334 regularis
1285 3255 1399 3318 obser·

313 3375 326 3412 n
344 3355 448 3417 varitia
471 3363 502 3418 et
526 3355 688 3418 literarum
713 3353 817 3418 studia
843 3351 978 3417 floreant
1002 3355 1041 3417 ad
1055 3353 1191 3434 iuvenes
1212 3353 1400 3418 educandos

313 3475 326 3513 n
345 3453 376 3516 in
399 3453 488 3518 viros
511 3454 625 3517 doctos
648 3463 678 3518 et
703 3453 925 3518 missionarios
951 3454 1160 3533 apostolicos,
1189 3455 1244 3532 qui
1271 3453 1398 3517 vineam

316 3551 473 3616 »bomini
502 3551 534 3614 in
560 3551 708 3617 Hibernia
739 3561 771 3616 et
795 3552 827 3614 in
853 3553 925 3616 eliis
951 3552 1039 3616 orbis
1069 3551 1215 3632 partibus
1248 3551 1400 3616 excolere

316 3649 481 3726 tualeam,
506 3659 580 3724 etc,
598 3660 661 3716 etc.
679 3651 712 3713 ln
735 3667 870 3731 quorum
894 3651 1037 3715 omnium
1055 3649 1149 3715 lrdem
1174 3661 1206 3714 et
1223 3649 1321 3714 robur
1343 3650 1400 3714 bis

315 3771 327 3807 n
345 3747 452 3830 sigillo
479 3757 591 3814 nostro
618 3749 748 3814 munitis
774 3751 936 3814 communi
962 3749 1106 3813 ninnium
1128 3765 1291 3813 consensu
1318 3748 1399 3812 sub·

347 3959 384 4034 (1)
404 3961 442 4017 Ul
455 3967 531 4032 patet
544 3979 577 4017 ex
591 3962 680 4018 literis
693 3963 849 4018 archiduois
864 3965 996 4019 isabellae
1010 3981 1092 4036 supra
1106 3963 1209 4028 relatis,
1224 3963 1401 4018 Dominioani

314 4051 428 4106 Hiberni
455 4054 578 4124 putribus
604 4055 701 4123 buglis
731 4055 876 4109 Societatis
901 4057 965 4110 lesu
992 4061 1181 4110 successerunt
1207 4055 1234 4109 in
1261 4059 1399 4108 conventu

312 4142 341 4196 S.
356 4142 472 4196 loannis
486 4144 675 4214 Evangelisbae
689 4147 717 4198 in
731 4147 826 4201 Castro
841 4147 979 4212 Caesaris;
999 4155 1189 4201 successerunt
1202 4145 1286 4200 etiam
1300 4145 1401 4198 iisdem

313 4233 437 4302 patribus
451 4233 479 4286 in
493 4250 562 4288 nova
575 4235 627 4289 heo
639 4236 730 4304 domo,
745 4237 798 4290 site
813 4237 842 4290 in
854 4237 983 4307 parocbia
996 4237 1084 4292 suncti
1097 4235 1192 4291 iacobi
1206 4235 1397 4290 lovaniensis.
