3186 4942
669 466 856 532 -395-

216 657 374 729 sequente
386 648 579 716 dexterrime
590 649 732 732 disputat
742 667 800 732 pro
813 649 999 732 magisterio
1010 644 1304 723 et,l9novembris,

218 763 347 813 summo
369 749 512 814 omnium
534 749 690 830 applausu
709 749 908 816 doctoralem
923 748 1135 830 consequitur
1149 746 1304 810 lauream.

218 845 342 912 Eximio
366 847 447 928 patri
469 847 587 912 Libens
609 847 711 930 (eujus
735 848 844 930 utique
862 848 1016 914 memoria
1032 847 1064 910 in
1081 842 1305 911 benedictione

218 943 272 1023 sit)
288 945 404 1010 evivis
418 955 543 1027 erepto,
561 945 592 1010 in
610 946 722 1012 stricta
738 945 900 1020 facultate,
919 954 952 1012 ut
967 952 1094 1018 vocant,
1112 940 1305 1022 theologica,

218 1045 365 1109 succedit
379 1061 464 1110 anno
489 1045 581 1108 llll.
606 1045 730 1110 interea
746 1045 796 1110 vir
811 1045 1007 1119 indefessus,
1023 1060 1081 1125 per
1096 1041 1208 1124 viginti
1224 1040 1308 1105 duos

217 1158 334 1218 annos,
368 1160 559 1226 quamquam
588 1145 724 1210 adversa
757 1161 855 1225 saepe
883 1142 1066 1210 valetudine
1095 1148 1306 1222 premeretur,

218 1241 400 1307 confratres
413 1259 491 1308 suos
500 1242 628 1308 saniora
641 1243 823 1325 theologiae
836 1243 1029 1308 documenta
1038 1242 1177 1306 edocere
1191 1237 1307 1319 pergit,

219 1346 251 1406 et
265 1341 346 1406 ultra
360 1342 566 1423 perrexisset,
576 1342 604 1408 si
617 1343 763 1423 corporis
775 1343 860 1408 vires
873 1341 943 1408 zelo
956 1357 1049 1422 pares
1061 1337 1210 1404 luissent.
1222 1335 1309 1412 Quae

220 1455 278 1520 per
293 1439 322 1504 id
345 1446 474 1521 tempus
491 1457 549 1506 seu
573 1439 733 1515 docendo,
754 1457 812 1506 seu
828 1441 1023 1522 disputando
1039 1436 1204 1520 praeclare
1219 1433 1305 1500 etad

219 1538 350 1604 scholae
381 1539 548 1604 utilitatem
583 1540 668 1621 apud
697 1557 777 1606 suos
806 1539 930 1612 lecerit,
962 1555 1067 1620 neque
1094 1545 1184 1602 aetas
1213 1531 1308 1598 lacile

216 1635 411 1713 obliterabit,
440 1655 544 1720 neque
573 1639 692 1705 delebit
717 1639 848 1705 oblivio.
881 1639 916 1704 ln
945 1637 1176 1720 Augustiniana
1207 1649 1304 1715 porro
1334 1705 1343 1722 ,

219 1735 350 1811 lamilia,
380 1753 476 1819 quam
506 1739 687 1804 eruditione
720 1755 778 1804 sue
808 1737 999 1814 illustrabat,
1030 1738 1111 1802 haec
1140 1741 1306 1816 praeterea

218 1835 284 1918 egit
314 1859 322 1900 ε
351 1836 402 1900 bis
424 1836 522 1902 studii
552 1854 668 1919 regens
702 1838 899 1904 constitutus
928 1837 999 1914 luit,
1029 1834 1152 1901 iteratis
1180 1831 1306 1898 vicibus

219 1932 384 1999 diffinitur.
401 1938 470 2010 Quo
482 1935 514 1999 in
528 1952 661 2002 munere
672 1946 790 2018 quanta
802 1945 890 2002 esset
901 1935 964 2002 sibi
976 1935 1009 2000 in
1025 1933 1163 2016 negotiis
1179 1947 1307 1997 morlas-

219 2033 293 2099 ticis
318 2033 554 2114 pertractandis
579 2035 724 2110 solertia,
751 2034 915 2100 luculente
940 2032 1092 2100 ostendit.
1119 2029 1306 2096 Studiorum

220 2133 419 2199 examinator
436 2142 609 2214 perpetuus
625 2132 746 2208 extitit;
763 2141 795 2200 et
809 2150 882 2200 eum
898 2130 1189 2198 reverendissimus
1207 2127 1305 2194 Gene-

220 2233 297 2298 ralis
313 2231 345 2296 in
361 2239 449 2297 tauto
465 2233 601 2298 habebat
623 2233 759 2309 honore,
778 2247 812 2298 ut
827 2233 926 2299 semel
942 2247 980 2298 ec
996 2232 1111 2297 iterum
1126 2227 1306 2312 provincia·

216 2332 304 2398 libus
319 2332 460 2398 comitiis
473 2331 658 2414 praesidere
671 2333 793 2406 lecerit,
808 2333 883 2398 licet
894 2348 991 2414 aegre
1002 2329 1174 2396 admodum
1190 2327 1307 2392 solius·

220 2448 282 2514 que
297 2431 501 2496 obedientiae
516 2431 645 2496 virtute.
663 2431 702 2494 Ut
717 2447 795 2496 vero
811 2429 996 2511 provinciae
1012 2427 1111 2494 totius
1127 2425 1307 2508 praelectu-

218 2546 287 2594 ram
313 2529 486 2610 acciperet,
513 2529 628 2594 adduci
658 2545 832 2609 numquam
861 2527 986 2609 potuit;
1014 2524 1142 2592 tametsi
1168 2523 1207 2588 ad
1238 2537 1308 2587 eam

216 2628 406 2710 dignitatem
422 2628 537 2692 crebro
557 2627 730 2708 expetitus.

262 2747 280 2783 »
295 2725 362 2788 Nec
384 2725 490 2790 minus
511 2724 574 2789 huc
598 2725 770 2804 pertinent,
788 2739 870 2805 quae
886 2724 919 2787 in
942 2723 1081 2805 publicis
1098 2718 1308 2788 lovaniensis

219 2821 413 2888 Academiae
428 2823 551 2888 scholis
566 2822 744 2904 sapientiae
760 2839 838 2888 suae
850 2823 950 2888 edidit
961 2831 1161 2904 argumenta.
1175 2817 1308 2894 Quoties

218 2921 287 2987 illic
306 2921 507 3002 iuventutem
534 2921 750 2986 academicam
773 2920 893 3003 ingenii
916 2921 1063 2986 acumine
1088 2927 1144 2984 aut
1168 2916 1307 2983 erudivit

218 3027 274 3086 aut
285 3019 681 3102 exercuittrneologicam
694 3020 885 3102 palaestram
896 3020 1054 3085 adversus
1066 3019 1308 3099 impugnatores

218 3127 352 3186 strenue
380 3119 540 3194 delendit;
572 3127 762 3201 exstantque
786 3118 908 3184 laboris
936 3117 1006 3199 eius
1029 3116 1166 3182 illustria
1193 3131 1307 3180 mouu-

220 3226 336 3292 menta‚
368 3220 487 3300 quibus
522 3218 769 3284 lovaniensium
799 3220 840 3285 do
869 3218 988 3284 divinis
1017 3216 1145 3282 auxiliis
1174 3214 1308 3296 aliisque

217 3316 354 3398 objectis
379 3317 569 3382 seutentiam
598 3316 665 3398 pari
693 3333 848 3383 successu
876 3333 913 3382 ac
935 3316 1101 3398 diligentia
1124 3312 1306 3386 vindicavit,

218 3433 297 3482 usus
323 3416 510 3498 plerumque
532 3416 617 3499 stylo
637 3415 720 3480 lacili
742 3433 780 3482 ac
803 3417 988 3499 perspicuo.
1007 3416 1116 3497 ltaque
1133 3431 1190 3496 per
1212 3427 1309 3478 omne

220 3513 364 3596 Belgium
380 3515 658 3596 eruditionisque
678 3515 759 3580 lama
776 3515 1016 3598 percrebuerat.

261 3613 446 3695 »Maiorem
462 3625 568 3680 tamen
583 3615 719 3696 gloriam
735 3615 854 3681 eximio
876 3615 952 3680 huic
973 3614 1043 3680 viro
1066 3629 1144 3679 suae
1169 3611 1306 3676 virtutes

219 3723 424 3796 pepererunt.
452 3715 563 3796 Neque
588 3715 673 3780 enim
700 3715 835 3781 selentia
862 3723 995 3790 tantum,
1019 3729 1101 3796 quae
1124 3711 1224 3787 iollat,
1247 3710 1306 3776 sed

217 3812 386 3890 charitate,
403 3830 485 3894 quae
500 3814 660 3893 aedillcat,
676 3815 830 3895 omnique
844 3815 999 3880 virtutum
1015 3829 1136 3896 genere
1151 3809 1307 3876 mirabills

217 3911 344 3978 extitit:
362 3913 477 3989 comis,
495 3911 645 3990 affabilis,
662 3914 766 3979 cuivis
787 3913 828 3978 ad
850 3913 1007 3996 obsequia
1028 3919 1196 3994 promptus
1213 3907 1305 3985 adeo,

218 4018 253 4076 ut
268 4009 385 4076 charus
400 4013 564 4088 omnibus,
578 4013 780 4095 summisque
794 4012 874 4078 viris
889 4013 922 4076 in
935 4011 1038 4094 pretio
1053 4010 1149 4077 luerit
1160 4007 1306 4082 habitust

218 4108 475 4175 eminentissimo
488 4127 564 4192 prae
576 4110 695 4176 ceteris
706 4110 926 4177 liechliniensi
939 4105 1306 4191 archiepieccpcllelicis

218 4205 460 4290 recordationis)
474 4209 629 4276 cardinali
641 4210 682 4276 de
694 4209 827 4285 elsatia,
840 4210 905 4288 cui,
919 4209 963 4276 uti
979 4217 1048 4276 erat
1058 4225 1076 4274 a
1088 4205 1249 4282 consiliis,
1262 4205 1305 4272 ita
