3158 4952
658 467 844 558 73:21*

201 655 349 726 tempore
365 647 528 726 cogentiae
544 648 628 713 Petri
644 649 796 722 Montani,
814 651 1048 729 docebuntque,
1067 664 1131 729 quo
1148 648 1243 714 modo
1260 657 1293 712 et

205 744 324 826 quibus
348 746 587 812 conditionibus
609 749 681 828 ejus
703 766 889 824 successor,
906 747 1094 812 Guilielmus
1109 747 1290 822 Everaerts

204 843 246 906 ad
264 859 382 908 munus
398 847 539 926 regentis
554 847 715 912 admissus
733 849 829 912 fuerit
847 867 854 907 :

247 992 451 1068 viceabbati,
467 998 547 1076 axiij
561 999 674 1059 mensis
689 1000 773 1078 juniii
792 997 883 1071 tata,
902 998 979 1060 bora
999 1003 1109 1076 quarta
1126 1012 1142 1058 a
1161 995 1293 1074 prandio

200 1093 374 1157 convocati
390 1110 446 1174 per
463 1111 512 1160 me
535 1095 718 1173 [bedellum]
734 1105 974 1174 conparuaruut
997 1095 1028 1156 in
1053 1095 1150 1162 rubea
1167 1108 1293 1157 camera

203 1191 327 1254 domini
352 1192 494 1256 decanus
517 1194 666 1270 [loannes
688 1194 909 1257 lllleumantius
926 1211 942 1254 a
959 1192 1223 1268 Gerar·dimoute]‚
1243 1207 1292 1254 re-

200 1302 320 1371 ceptor
347 1291 505 1356 facultatis
535 1293 685 1370 [Severus
707 1293 823 1373 Pcyten
850 1293 890 1356 de
922 1291 1141 1371 Herlingben‘l,
1172 1289 1292 1353 domini

208 1399 357 1469 regentes
383 1391 670 1472 [pedagogiorurot
698 1393 860 1456 Arnoldns
886 1392 951 1454 Vari
978 1390 1036 1454 der
1065 1389 1291 1464 llalvermilen,

207 1488 376 1569 Philippus
403 1489 502 1560 Buck.
526 1491 667 1556 loannes
690 1492 866 1566 (flammam
883 1491 1070 1579 Tilmaonus
1085 1487 1211 1562 Clerici,
1232 1488 1293 1551 Lu-

205 1589 342 1652 dovicns
356 1606 416 1652 vau
433 1588 559 1666 Germe,
576 1591 728 1655 Nicolaus
744 1592 784 1654 de
800 1591 923 1660 Castro,
941 1590 1084 1653 ludocus
1099 1585 1293 1666 [Ravestein]

203 1687 245 1750 de
271 1686 375 1751 Tileto
401 1698 433 1752 et
458 1688 656 1754 theodricus
679 1689 841 1763 Pelmaos;
867 1705 975 1754 coram
999 1687 1116 1770 quibus
1141 1686 1293 1750 dominus

203 1802 322 1868 regens
348 1787 497 1852 Falconis
526 1792 648 1866 [Petrus
675 1789 856 1867 Montanus]
883 1787 1051 1868 proposuit
1076 1801 1114 1850 ac
1142 1784 1291 1864 exposuit

190 1885 356 1961 dominis,
379 1887 464 1967 quod
493 1897 624 1968 propter
645 1888 866 1962 intortunium,
891 1888 976 1967 quod
998 1885 1116 1949 accidit
1141 1885 1172 1948 io
1193 1883 1291 1948 domo

203 1999 260 2046 sua
287 2001 347 2066 per
374 1986 499 2049 ruinam
523 1987 617 2050 nitius
645 1987 841 2067 partisque
867 1987 937 2050 sine
964 1984 1087 2058 magnis
1109 1982 1291 2062 sumptibus

203 2083 346 2164 reparari
364 2101 427 2148 non
445 2093 602 2164 potestat
624 2085 718 2150 etiarn
743 2086 816 2164 qnia
840 2086 906 2149 fere
928 2094 992 2148 tota
1015 2085 1130 2148 dornns
1153 2083 1292 2146 minatur

203 2183 343 2255 ruinam,
368 2193 456 2248 esset
478 2185 507 2248 ei
530 2185 730 2264 impossibile
747 2185 869 2248 diutius
889 2185 920 2246 in
939 2183 1080 2264 regentia
1102 2199 1160 2246 sue
1176 2181 1292 2246 domus

205 2297 407 2362 permanere,
422 2284 483 2345 nisi
501 2284 633 2348 facultas
650 2285 764 2348 artium
777 2284 872 2348 vellet
884 2283 912 2348 ei
929 2283 1101 2347 subvenire
1118 2279 1290 2346 mutuando

199 2396 362 2444 summam
385 2380 523 2462 aliquam
551 2383 778 2461 pecuniariam,
806 2399 868 2462 qua
895 2390 1006 2462 posset
1032 2390 1128 2443 totam
1160 2379 1288 2442 domum

198 2495 293 2542 suam
323 2496 486 2560 reparare.
511 2479 610 2555 Quam
634 2499 790 2545 summanr
817 2482 937 2564 cupivit
955 2481 1061 2544 dictus
1087 2495 1203 2559 regens
1228 2477 1288 2540 sibi

202 2587 314 2641 mutuo
340 2578 409 2641 dari
437 2579 499 2660 biis
524 2579 777 2654 conditionibus,
801 2591 843 2644 nt.
867 2581 894 2644 si
916 2580 986 2660 ipse
1005 2578 1143 2642 dominis
1160 2577 1200 2639 de
1215 2592 1289 2639 suc-

199 2693 336 2740 cessore
352 2678 390 2740 ad
409 2678 556 2756 placituro
574 2695 668 2742 suunt
686 2679 868 2757 provideret
884 2678 914 2740 in
930 2688 1106 2758 posterum,
1120 2675 1204 2756 quod
1222 2673 1292 2753 ipse

198 2776 320 2840 dictam
344 2793 514 2852 summam,
539 2794 597 2856 pro
613 2795 674 2859 qua
698 2778 910 2842 sufficientem
927 2778 1108 2841 cautionem
1124 2775 1201 2838 dare
1217 2789 1291 2854 pro-

201 2875 309 2951 mittit,
329 2876 467 2940 facultati
492 2877 620 2952 reddet;
639 2878 709 2952 sed,
727 2878 754 2942 si
778 2867 975 2959 relinqueret
993 2876 1122 2940 domurn
1141 2891 1202 2937 non
1221 2889 1292 2953 pro-

197 2974 340 3039 cidendo
356 2975 396 3038 de
412 2991 617 3048 successore,
631 2977 716 3057 quud
734 2977 868 3041 lacnltas
884 2976 999 3040 dictam
1017 2977 1145 3039 domum
1163 2989 1290 3052 repara-

200 3083 265 3137 tam
282 3090 341 3154 pru
365 3091 422 3138 sua
439 3075 610 3155 acciperet.
632 3076 741 3139 Posuit
757 3076 907 3140 dominus
922 3063 1068 3138 'decanus
1085 3073 1116 3134 in
1132 3071 1290 3134 delibera-

201 3172 345 3236 tionibus
373 3173 601 3250 domiuorum‚
633 3175 784 3255 quidnam
815 3176 846 3238 in
878 3173 1062 3255 huiusmodi
1090 3171 1217 3252 negotio
1248 3171 1290 3234 sit

198 3273 373 3352 agendum.
403 3271 479 3338 Post
495 3291 570 3337 vcro
587 3274 713 3354 longam
737 3275 966 3338 conferentiam
989 3283 1020 3336 et
1041 3289 1079 3335 ex
1102 3268 1289 3334 eorumdem

199 3371 406 3434 dominorum
422 3372 710 3436 deliberationibus
727 3374 858 3437 ornrtino
876 3372 1029 3454 expedire
1045 3387 1104 3451 pro
1121 3369 1244 3433 bonore
1259 3377 1290 3431 et
1324 3399 1327 3406 ·

196 3471 372 3534 commodo
386 3471 543 3535 facultatis
555 3489 685 3536 servare
701 3483 848 3552 quartum
866 3471 1040 3535 membrum
1058 3469 1127 3532 sive
1141 3457 1288 3548 quartum

200 3567 433 3648 pedagoginnt;
461 3579 492 3632 et
515 3570 598 3650 quod
626 3571 759 3634 facultas
783 3570 951 3634 subveniat
982 3567 1126 3648 predicto
1158 3565 1289 3628 domino

198 3667 324 3747 regenti
343 3667 374 3730 in
391 3669 496 3748 aliqua
519 3685 642 3732 sumnia
666 3669 760 3744 botta,
784 3686 845 3750 qua
869 3668 1026 3734 conducat
1049 3681 1142 3729 unam
1159 3663 1288 3728 domum

197 3765 380 3846 pedagogio
407 3783 467 3830 suo
494 3768 663 3848 propitiam
695 3769 763 3832 sive
790 3768 1001 3848 propinquam
1029 3765 1067 3828 ad
1099 3762 1287 3827 servandam

192 3863 417 3945 juventutem3
441 3873 473 3927 et
488 3865 615 3929 interim
633 3877 782 3945 poterunt
798 3865 917 3930 donnini
934 3867 974 3929 de
990 3864 1074 3927 bono
1092 3862 1187 3926 ruodo
1204 3876 1290 3939 repa·

196 3962 289 4025 randi
316 3980 372 4026 seu
399 3963 478 4026 alias
504 3964 660 4044 cogitare,
688 3966 783 4029 etiam
814 3967 916 4038 salvo,
948 3963 1032 4044 qnod
1064 3961 1220 4024 referatur
1248 3960 1288 4022 ud

195 4059 393 4124 facultatem.
411 4059 448 4124 Et
463 4061 511 4126 sio
528 4079 585 4142 per
608 4063 713 4126 otnnia
730 4063 891 4127 conclusit
906 4063 1060 4126 decanus.
1080 4087 1092 4113 ιι
1113 4060 1202 4132 Aera,
1219 4055 1285 4118 Vll.

191 4159 251 4224 fol.
270 4159 333 4223 183
350 4159 458 4224 r⁰·f84
475 4173 515 4223 r0.
