3252 4954
696 460 875 542 -rt-'

228 675 324 726 nemo
346 659 440 739 (quod
473 657 534 723 sub
562 675 657 739 poena
683 660 874 740 gravissima
902 657 1120 739 prohibemus)
1149 659 1180 722 in
1208 661 1322 725 eodem

228 775 302 824 cum
319 757 381 822 alio
398 757 483 822 leoto
499 757 643 823 dormire
658 759 786 825 audeat.

269 855 394 920 llllllll.
421 855 507 920 llora
535 872 619 922 noua
646 857 763 922 leolum
788 865 909 939 petant.
934 858 1064 933 Verum,
1090 865 1260 939 antequam
1287 875 1323 923 se

226 972 345 1021 somno
365 955 503 1028 tradant,
520 955 575 1020 Dei
604 973 766 1022 memores
782 957 860 1033 sint,
877 955 971 1038 eujus
1000 956 1109 1022 lavore
1136 955 1232 1020 vitam
1259 956 1322 1021 huo

229 1071 330 1136 usque
360 1053 594 1134 perduxerunt.
626 1053 863 1119 Conscientiam
898 1055 1085 1128 discutiant,
1118 1054 1157 1117 ad
1187 1069 1321 1118 examen

229 1151 411 1220 renouando
427 1151 581 1233 quidquid
599 1169 636 1218 ea
652 1153 704 1218 die
718 1153 790 1216 mali
809 1153 918 1227 corde.
933 1169 1002 1226 ore,
1018 1161 1073 1218 aut
1088 1159 1320 1234 opere‚·patra-

226 1261 296 1317 tum
312 1251 420 1318 luerit.
436 1251 589 1332 Peroepta
605 1251 730 1332 abipso
746 1252 901 1317 beneficia
915 1260 1109 1334 agnoscant;
1126 1252 1167 1316 de
1180 1252 1321 1332 peccatis

226 1351 371 1426 doleant,
408 1349 541 1416 meliora
577 1360 795 1431 proponentes
828 1373 835 1413 :
868 1351 1073 1417 temerarium
1109 1368 1224 1432 nempe
1258 1360 1318 1426 est,

225 1450 354 1516 offenso
377 1457 408 1515 et
430 1466 494 1514 non
519 1450 726 1514 reconciliato
752 1450 830 1525 lieo,
856 1467 892 1515 se
919 1450 1004 1515 nocti
1031 1465 1211 1531 somnoque
1233 1465 1321 1514 oom-

228 1549 367 1615 mittere.
384 1549 438 1612 Pia
451 1549 598 1629 quaedam
610 1549 707 1614 leutio
723 1558 778 1614 aut
790 1549 956 1614 meditatio
969 1549 1135 1622 succedat,
1151 1556 1183 1613 ut
1199 1549 1321 1613 sanetis

229 1647 1318 1730 cogitationibusindormisoentesolrristianomododiemulaudant.

560 1863 605 1927 De
627 1865 774 1927 eeetut'tt'o
797 1864 986 1946 quotidiano.
1075 1880 1077 1888 ·

269 2043 293 2106 l.
319 2043 424 2108 Prima
447 2043 591 2108 ootoitris
614 2059 728 2108 omnes
752 2061 769 2107 a
794 2044 884 2109 leriis
908 2045 974 2110 sint
999 2044 1149 2118 reduces,
1173 2053 1206 2107 ut
1231 2043 1327 2106 inter·

221 2143 290 2210 sint
305 2143 403 2208 Sacro
419 2143 557 2208 solemni
583 2160 641 2223 pro
659 2141 744 2207 leliei
769 2144 952 2208 studiorum
977 2159 1160 2207 successu:
1181 2141 1324 2207 secunda

227 2243 282 2307 liat
316 2243 471 2307 classium
509 2258 669 2307 ascensus
701 2244 758 2320 (l);
789 2243 884 2308 tertia
915 2243 1137 2308 studiosorum
1174 2241 1326 2308 exercitia

228 2351 449 2406 resumantur.

274 2439 314 2504 ll.
339 2439 386 2503 db
417 2439 542 2504 notobri
574 2439 741 2520 usquead
773 2439 870 2505 ferias
902 2441 1072 2522 paschales
1102 2439 1326 2506 excitabuntur

231 2537 337 2603 medio
354 2547 465 2603 sextat.
484 2538 603 2603 Preces
621 2537 697 2602 liant
713 2539 791 2603 liora
807 2547 916 2614 sexta;
933 2539 1205 2604 deindestudium
1223 2555 1326 2620 usque

230 2638 270 2702 ad
302 2637 511 2718 quadrantem
541 2647 616 2717 post
645 2638 828 2718 septimam,
859 2654 924 2718 quo
954 2639 1083 2702 dabitur
1113 2638 1324 2720 jentaculum,

232 2737 375 2817 exeeptis
388 2735 501 2817 jejunii
518 2745 550 2801 et
565 2736 690 2801 sabbati
706 2735 834 2801 diebus.

274 2834 435 2899 litante
461 2845 607 2900 octauam
635 2851 709 2899 sese
738 2834 778 2898 ad
804 2835 962 2914 porticum
990 2837 1168 2910 conserant,
1188 2843 1221 2900 ut
1246 2834 1325 2900 hora

228 2943 343 3000 octava
374 2933 441 2996 bini
474 2933 677 2998 deducantur
707 2932 746 2996 ad
776 2933 920 3007 Sacrum,
945 2951 962 2997 a
989 2935 1086 2999 Sacro
1116 2935 1154 2998 ad
1181 2934 1324 2998 scholam

231 3031 405 3097 finiendam
433 3031 538 3096 rnedio
563 3031 751 3096 undecimae.
781 3031 828 3095 db
852 3032 930 3097 lrora
955 3033 1122 3099 undecima
1151 3033 1326 3098 studebunt

231 3147 335 3211 usque
351 3131 389 3194 ad
409 3131 548 3195 medium
565 3129 780 3203 duodeoimae‚
795 3147 859 3211 quo
875 3131 1003 3196 dabitur
1019 3131 1197 3213 prandium.

272 3227 324 3292 lv.
348 3228 426 3293 Post
455 3227 621 3292 meridiem
645 3226 685 3290 ab
711 3227 789 3291 liora
818 3229 918 3307 prima
943 3230 981 3294 ad
1010 3231 1148 3294 medium
1172 3228 1324 3294 senundae

226 3327 405 3392 studebunt
430 3327 606 3391 :secunda
632 3325 749 3389 sintin
775 3327 900 3400 schola,
925 3327 1063 3393 findenda
1092 3327 1170 3392 liora
1198 3333 1321 3408 quarta,

227 3442 291 3507 qua
306 3434 374 3490 toto
389 3443 473 3490 anno
490 3425 618 3490 dabitur
635 3433 743 3505 potus.
762 3427 787 3488 Α
805 3427 910 3491 medio
927 3429 1049 3507 quintae
1063 3427 1203 3491 studium
1221 3442 1323 3506 usque

229 3526 268 3588 ad
300 3526 508 3605 quadrantem
539 3535 611 3605 post
649 3534 783 3600 sextum,
816 3543 879 3606 quo
918 3525 1046 3590 dabitur
1081 3541 1186 3590 ooena.
1219 3523 1322 3588 lledio

228 3633 352 3688 ootavae
374 3639 500 3700 omnes,
519 3623 613 3688 etiam
638 3623 683 3686 illi
701 3623 753 3704 qui
772 3633 889 3686 tantem
910 3625 1042 3688 student
1065 3633 1096 3689 et
1111 3623 1274 3688 dormiunt
1289 3621 1321 3684 in

229 3721 379 3803 collegio,
394 3721 455 3786 sub
480 3739 572 3802 poena
587 3723 688 3804 gravi,
703 3722 854 3786 intersint
876 3724 1047 3806 preoiltus;
1065 3723 1183 3805 quibus
1206 3721 1318 3795 irruitis,

229 3821 366 3902 quisque
381 3839 417 3886 se
432 3822 471 3885 ad
495 3839 588 3886 suum
612 3821 794 3886 cubiculum
812 3823 955 3904 recipiat.
975 3823 1057 3889 liora
1076 3839 1158 3888 nona
1176 3821 1319 3887 omnium

227 3919 336 3984 lumen
353 3921 546 3986 exstinctum
564 3922 617 3984 sit.

270 4019 307 4080 V.
330 4019 451 4084 Diebus
477 4019 627 4084 mercurii
656 4029 687 4084 et
714 4021 844 4084 veneris
871 4021 975 4086 medio
1003 4021 1155 4085 secundae
1183 4017 1321 4100 pomeri-

266 4237 304 4309 (l)
326 4239 466 4292 Classiam
480 4255 621 4300 ascensus,
638 4255 753 4294 examen
768 4239 801 4292 de
815 4253 940 4308 passage.
