3186 4942
705 504 891 568 -329-

249 692 334 774 qnod
357 692 420 756 hoc
443 707 507 756 non
530 688 692 762 fecissem,
710 703 774 752 non
797 694 981 766 computato
997 685 1148 752 leriarum
1173 698 1332 770 tempore,

250 791 412 856 trimestre
434 789 547 854 saltem
571 787 647 850 mihi
669 786 861 858 concedere,
879 801 1003 877 memor
1024 787 1108 865 quod
1133 788 1170 851 ad
1199 804 1336 870 respon·

251 890 390 956 dendum
413 887 508 952 Thesi
531 902 634 962 meae,
657 900 740 964 qnae
762 884 859 963 triplo
882 883 987 950 minor
1009 894 1086 975 erat
1100 885 1195 951 lbesi
1218 887 1335 968 ipsius,

251 988 418 1054 habuisset
433 985 617 1052 triennium.
639 1005 652 1043 s
1283 1027 1286 1034 ,

291 1086 362 1150 Non
379 1084 475 1150 tacuit
491 1083 689 1148 reverendus
706 1088 795 1161 pater
806 1080 977 1146 societatis
990 1080 1084 1155 tesm
1102 1083 1232 1158 etenim,
1246 1085 1336 1150 brevi

251 1193 338 1265 post,
366 1183 467 1264 ipsius
491 1198 588 1262 opera
613 1180 717 1246 editae
743 1189 820 1244 sunt
846 1196 903 1258 per
930 1179 1059 1244 modum
1086 1183 1335 1261 responsionis:

255 1284 366 1349 Thesea
387 1282 560 1361 theologicus
580 1281 617 1344 dc
631 1281 734 1362 pratia
754 1284 783 1343 ct
797 1279 934 1344 libertate
955 1278 993 1342 ab
1009 1278 1221 1359 objectionibus
1242 1282 1338 1345 vindi·

251 1383 380 1446 cutis...
395 1382 523 1462 procide
546 1380 582 1444 ll.
601 1379 639 1443 P.
658 1379 748 1441 Petro
775 1379 976 1458 Wcutyer·...,
999 1379 1142 1454 Monuit,
1158 1381 1190 1442 in
1213 1379 1340 1461 callepio

250 1481 409 1547 Socerum
433 1481 520 1555 dccc,
543 1479 593 1541 dic
617 1475 655 1540 31
682 1478 786 1541 martii
808 1475 906 1551 17533
932 1476 1074 1552 liuvanii,
1097 1478 1181 1559 typis
1202 1479 1338 1544 ioannis

250 1579 387 1654 Jacobs;
410 1577 450 1640 56
466 1595 519 1658 pp.
537 1577 569 1640 in
586 1576 629 1640 8⁰.
655 1597 669 1636 ι
689 1574 722 1638 ln
738 1591 796 1640 sua
811 1574 1044 1656 opusculorum
1062 1577 1339 1643 conficiendorum

253 1677 417 1742 celeritate
440 1676 500 1741 sibi
523 1675 732 1740 vehementer
751 1674 964 1754 complacenti
981 1675 1039 1753 (sic
1061 1675 1174 1741 scribit
1191 1677 1224 1741 ll.
1245 1677 1339 1744 Pater

253 1774 285 1839 in
301 1777 461 1840 Prooemio
477 1774 624 1840 alludens
639 1773 679 1838 ad
696 1789 745 1850 ea,
759 1789 841 1854 quac
856 1773 993 1838 eximius
1010 1774 1129 1853 patcrll
1142 1776 1233 1856 augis
1251 1792 1342 1856 prae·

253 1874 337 1940 latus
364 1877 467 1940 luerat
492 1875 530 1938 ad
558 1874 668 1940 theses
694 1872 757 1938 diei
784 1872 823 1935 ab
850 1872 986 1950 januarii
1014 1875 1247 1952 praecedentis)
1277 1891 1341 1941 non

256 1973 414 2056 ingratum
427 1974 589 2040 eritsuam
602 1972 747 2053 ejusdcm
760 1971 793 2036 in
806 1971 986 2051 praesentis
999 1974 1343 2054 causaedispositionc

256 2073 405 2138 astutiam
442 2071 596 2138 exhiberi.
630 2072 711 2136 dccc
752 2070 839 2134 illam
871 2093 878 2134 :
910 2071 1089 2151 importuna
1130 2075 1344 2153 quorumdam

253 2171 417 2252 jactantia,
450 2179 643 2252 nostraeque
679 2169 858 2235 sententiae
893 2169 1005 2234 iterata
1037 2180 1103 2235 tum
1132 2171 1244 2246 verbo,
1276 2183 1344 2238 tum

257 2271 379 2352 scripto
404 2271 573 2352 depressio
596 2269 787 2350 abrumpere
810 2285 861 2334 mc
883 2269 1034 2350 coegerat
1056 2270 1231 2350 silentium,
1256 2272 1343 2354 quod

257 2369 323 2436 lere
336 2369 401 2450 Jam
417 2369 555 2434 triennio
571 2384 787 2433 servaveram.
803 2367 894 2441 ilinc,
908 2367 984 2431 dnm
1001 2368 1128 2432 interim
1146 2378 1342 2449 prostratum

258 2485 308 2533 mc
325 2469 428 2548 primo
440 2467 615 2533 certamine
629 2467 735 2547 etjam
747 2465 910 2531 oblivione
925 2466 1056 2531 velutin
1071 2484 1167 2531 arena
1181 2469 1343 2548 sepultum

258 2568 442 2638 arbitratus,
458 2583 559 2631 novos
575 2565 637 2630 sibi
653 2566 835 2645 triumphos
851 2564 993 2630 Eximius
1008 2570 1098 2630 Pater
1113 2568 1219 2640 struit,
1237 2567 1346 2648 prodit

260 2666 321 2742 (die
339 2667 370 2727 lt
388 2666 459 2745 julii
476 2665 565 2742 libi)
582 2681 651 2728 mea
677 2664 716 2727 ad
733 2663 803 2742 ejus
819 2663 1043 2728 refutationem
1066 2665 1236 2744 responsio
1255 2685 1262 2730 :
1281 2681 1346 2731 non

258 2765 347 2826 citius
369 2763 510 2844 quidem,
527 2763 584 2828 sed
609 2761 691 2825 haud
715 2761 811 2826 dubie
831 2763 953 2842 quando
976 2761 1006 2824 id
1032 2762 1162 2826 minime
1184 2763 1344 2828 existima·

259 2859 455 2936 verentium
472 2870 536 2924 tum
552 2860 673 2924 Eximio
690 2859 771 2923 Patri
788 2857 936 2924 consiliii
952 2859 1144 2940 llvaginatus
1153 2860 1219 2941 jam
1231 2870 1300 2926 erat
1312 2861 1347 2928 in

261 2960 370 3042 plures
385 2959 524 3041 gladius.
541 2959 649 3023 Trium
677 2975 760 3024 unus
776 2974 840 3022 nno
856 2957 909 3022 dle
923 2975 1096 3040 aggressor
1118 2960 1151 3023 in
1166 2960 1267 3024 aciem
1280 2960 1346 3041 jam

261 3060 477 3142 gradiebatur.
497 3061 545 3122 An
569 3075 618 3123 me
641 3068 787 3139 quartum
811 3057 943 3122 cornino
966 3058 1161 3139 neglexisset
1181 3059 1231 3122 vir
1253 3068 1347 3140 aptus

260 3159 357 3226 unico
380 3158 489 3223 loliolo
512 3157 678 3222 machinas
706 3157 852 3238 ingentes
874 3160 1066 3238 confringere
1078 3159 1261 3240 penitusque
1275 3176 1348 3222 cou-

261 3257 378 3322 terere?
399 3257 491 3321 hbsit
516 3274 523 3318 :
555 3271 626 3319 narn
649 3255 750 3320 videri
777 3255 936 3335 potuisset
958 3256 1078 3336 aliquid
1104 3257 1143 3320 ad
1166 3257 1349 3336 triumphos

261 3357 415 3422 doluisse.
433 3355 512 3430 Quid
538 3355 654 3438 igitur?
677 3354 831 3420 Grcssum
848 3353 1005 3434 tantisper
1027 3354 1124 3426 sistit,
1143 3355 1248 3420 donec
1269 3370 1349 3419 con·

261 3455 346 3522 lecto
368 3454 558 3534 adjectoque
583 3453 729 3518 thesibus
752 3462 838 3526 ante,
857 3461 890 3517 ut
906 3471 981 3533 prae
1003 3470 1040 3518 se
1055 3455 1174 3531 lerunt,
1190 3453 1349 3520 absolutis

261 3554 383 3629 loliolo,
412 3554 546 3633 prodeat
572 3553 603 3616 in
632 3568 762 3616 arenam
790 3552 983 3634 gloriosior;
1012 3561 1121 3634 utpote
1147 3554 1242 3618 etiarn
1272 3567 1346 3617 cum

262 3661 376 3733 quarto
406 3651 500 3716 simul
533 3667 596 3714 uno
625 3659 770 3730 tempure
799 3668 860 3714 non
886 3652 1089 3728 reformidans
1114 3659 1280 3715 certarnen.
1307 3650 1348 3715 At

265 3749 386 3813 nihilne
412 3765 491 3812 suae
515 3748 638 3829 gloriae
662 3748 737 3812 inde
763 3748 939 3813 timendum
962 3759 1030 3814 erat
1056 3750 1211 3830 pericuttt
1235 3749 1347 3814 Nihil:

264 3856 370 3912 astute
392 3847 453 3911 sibi
477 3847 689 3928 undequaque
711 3856 857 3920 caveram
881 3847 930 3911 vel
954 3849 1038 3912 enim
1062 3848 1100 3913 ad
1126 3849 1236 3913 lolium
1262 3845 1350 3912 istud

263 3944 383 4026 aliquid
407 3961 626 4024 responsurus
648 3959 748 4019 eram,
766 3945 815 4010 vel
839 3945 917 4009 illud
940 3953 1102 4027 tamquam
1124 3947 1163 4010 ad
1188 3963 1255 4012 rem
1277 3953 1352 4010 ante

265 4045 414 4124 agitatam
445 4043 575 4108 minime
605 4043 770 4123 pcrtincns
799 4043 928 4108 silentio
954 4062 1042 4110 eram
1072 4046 1291 4127 neglecturus.
1317 4043 1352 4108 Si

265 4141 441 4214 siluissem,
466 4149 536 4206 acta
565 4158 619 4206 res
641 4152 723 4216 crat,
739 4142 854 4207 saltem
880 4144 964 4224 apud
994 4145 1120 4226 vulgus,
1138 4153 1169 4209 et
1194 4145 1353 4210 adversus

265 4240 513 4322 responsionem
532 4255 633 4306 meam
657 4241 698 4305 ita
714 4241 903 4307 conclusum
927 4243 1011 4324 (pag.
1029 4243 1059 4307 6.
1077 4244 1260 4326 Appendices
1276 4258 1352 4324 pro-
