3186 4942
704 403 913 492 4314-

270 609 471 677 moouimmu's
486 607 591 672 doctor
600 623 708 687 recena
723 615 781 672 etc.
798 610 883 690 Iuris
898 608 1054 689 intemplo
1068 608 1136 692 flu,
1153 609 1221 674 ΡΡ.
1237 611 1362 690 Aucus·

270 709 459 776 tiuiouorum
482 707 521 768 tit
539 706 716 788 septumo
739 707 831 772 1733.
856 706 998 782 Lovauii,
1032 705 1117 786 typis
1142 705 1267 772 llartioi
1293 705 1362 772 Van

271 804 454 878 ottericum
471 803 537 870 vol.
555 804 587 870 in
604 804 636 864 Ιο
652 805 693 867 ΙΙ
708 805 907 886 paginarum.

313 903 560 971 Controversiae
581 912 631 970 sat
653 918 746 969 acres
766 903 807 968 de
828 903 926 968 variis
948 901 1192 984 quaestionibus
1208 902 1362 984 theologi·

271 1001 336 1076 cis,
351 1001 522 1081 praecipue
538 1001 698 1068 tumendo
714 1001 898 1067 obedientia
913 1015 930 1064 a
946 1001 1074 1064 Christo
1099 1000 1234 1068 Domino
1252 1017 1362 1076 craes-

268 1099 325 1167 tita
343 1099 491 1164 mandato
508 1100 680 1174 moriendi,
694 1100 830 1181 agitatae
846 1100 975 1166 suerunt
990 1099 1074 1164 inter
1089 1099 1241 1166 eximium
1256 1099 1361 1166 domi-

271 1215 347 1267 num
360 1198 513 1264 ioannem
531 1199 649 1264 Libens
663 1209 695 1264 et
710 1199 923 1264 reverendum
940 1207 1064 1278 patiam
1079 1197 1244 1264 Nicolaum
1259 1197 1361 1280 Rayoi

272 1296 444 1364 societatis
458 1298 533 1362 lesu
557 1298 769 1362 sacerdotem.
787 1297 909 1364 Thessa
935 1297 1096 1377 utrimque
1111 1297 1171 1360 hac
1190 1296 1362 1364 occasione

271 1396 376 1463 editae
398 1405 430 1459 et
453 1406 672 1476 propugnatae
693 1405 941 1461 recensentuua
965 1395 1000 1461 P.
1028 1395 1074 1460 Ile
1100 1393 1233 1472 Backeu,
1251 1396 1282 1460 iu
1304 1412 1362 1462 sua

271 1495 482 1576 Bibliotheque
503 1495 555 1558 oei
578 1495 727 1560 euticus
742 1496 779 1560 de
793 1494 824 1558 la
841 1495 1074 1577 Composuisse
1089 1493 1191 1566 locu,
1216 1495 1268 1560 cd.
1285 1494 1361 1562 anui

271 1593 363 1666 1876,
382 1593 434 1666 ΙΙΙ,
451 1593 527 1656 coll.
546 1593 656 1656 57-50.

314 1726 359 1789 lle
374 1724 495 1789 loanne
511 1725 628 1789 Libens
644 1723 765 1790 videsis
779 1725 812 1788 F.
826 1725 852 1788 Ι.
867 1723 1130 1802 militinensis,
1146 1727 1205 1790 Hel
1218 1724 1362 1806 loricelijlt

269 1843 309 1888 cu
324 1823 471 1904 lietduuiiq
488 1825 585 1898 Dicat,
604 1840 634 1903 p.
652 1821 724 1897 tto,
743 1823 774 1886 in
791 1834 878 1888 nota,

311 1974 457 2040 Aurelius
473 1976 581 2050 Plotio,
601 1975 686 2040 filius
709 1974 858 2040 coenobii
881 1974 1083 2051 leodiensis,
1100 1974 1200 2040 variis
1222 1975 1254 2038 iu
1278 1973 1360 2040 locis

270 2088 396 2140 saetam
412 2071 605 2152 theologiam
624 2073 791 2152 professus
808 2083 858 2138 ast
876 2096 882 2134 :
902 2073 985 2152 aoud
1002 2073 1179 2138 canonicos
1196 2073 1360 2152 regulares

271 2171 374 2238 saucii
385 2170 555 2252 Augustini
568 2171 786 2254 Tungrenses.
800 2173 831 2234 iu
845 2171 1002 2237 coenobio
1016 2181 1146 2236 sanctae
1158 2171 1361 2236 Elisabethae

267 2269 357 2350 juxta
373 2269 644 2347 Ruiaemuudam
657 2271 741 2352 apud
754 2271 954 2336 Guilelmitas
969 2270 1090 2344 leodii,
1104 2280 1168 2336 tum
1186 2272 1360 2352 praecipue

270 2367 402 2432 Lovanii
418 2369 501 2448 apud
518 2385 598 2434 suos
621 2369 652 2432 iu
669 2371 780 2434 schola
795 2369 1040 2450 Augustiniaua.
1057 2370 1096 2434 Ut
1112 2369 1264 2434 exacuis
1287 2368 1357 2436 the·

270 2465 373 2543 sibus,
392 2466 463 2545 ipso
490 2468 652 2548 praeside,
671 2469 881 2550 propugnatis
904 2469 1014 2549 liquet,
1033 2468 1165 2534 Lovauii
1190 2468 1299 2534 docuit
1320 2467 1360 2531 ab

269 2582 354 2631 anuo
378 2565 457 2629 titt
481 2566 519 2629 ad
538 2567 629 2642 1715,
647 2577 679 2632 et
693 2567 732 2632 ab
755 2585 840 2634 anno
858 2566 937 2631 1718
962 2567 1001 2630 ad
1019 2567 1098 2630 tiso
1114 2567 1165 2646 (Ι),
1185 2577 1218 2631 et
1232 2565 1361 2630 demum

270 2664 309 2728 ab
333 2681 417 2730 anuo
440 2664 521 2727 1726
537 2666 575 2728 ad
601 2665 691 2742 1731,
710 2666 832 2730 interea
855 2666 1026 2747 aliquando
1043 2666 1183 2745 regentis
1206 2664 1304 2730 studii
1330 2673 1362 2729 et

271 2763 456 2843 provinciae
482 2763 662 2828 definitoris
686 2764 873 2830 muneribus
896 2765 1036 2829 functus.
1061 2763 1153 2829 Circa
1176 2765 1262 2829 hunc
1287 2763 1360 2828 ulti-

271 2877 357 2924 mum
374 2877 491 2925 anuum
509 2863 631 2928 coiisse
647 2863 785 2928 videtur.

313 2975 389 3058 Ejus
405 2988 480 3042 sunt
499 3001 506 3040 :

312 3080 537 3156 Etucicattouis
553 3094 756 3172 difficilimum
772 3094 927 3176 eucologio
951 3096 1149 3178 questionum
1166 3100 1272 3176 portes
1289 3109 1357 3158 sec.

270 3189 411 3264 Lemnii,
436 3195 520 3272 typis
543 3193 669 3256 Martini
692 3193 757 3256 Van
775 3191 958 3267 Ouerbeke3
983 3193 1081 3257 livol.
1106 3192 1139 3254 in
1164 3193 1197 3256 8⁰
1226 3191 1303 3254 tiu9
1329 3201 1361 3257 el

270 3287 374 3352 1730:
400 3289 412 3352 1
430 3289 571 3367 (ss-tlt-tt
588 3295 662 3371 pol,
680 3291 706 3354 ΙΙ
729 3291 831 3370 (lli-l
849 3294 925 3372 po),
943 3291 987 3354 ΙΙΙ
1003 3289 1106 3370 (tto-t
1123 3294 1199 3372 pu),
1217 3289 1257 3353 tv
1271 3290 1357 3368 (att-

268 3387 388 3468 ico),
413 3387 436 3448 V
458 3389 564 3467 (tus-6
588 3394 664 3469 ppt,
688 3389 727 3453 Vl
750 3387 856 3468 (tlt-8
879 3394 955 3471 ppt.
980 3387 1237 3470 Approbaticues
1264 3389 1356 3454 datae

270 3497 345 3550 suut
360 3488 454 3551 annis
471 3489 550 3552 ttae
567 3499 598 3552 et
616 3489 707 3552 1730.

309 3583 464 3666 Egallico
487 3586 520 3650 iu
536 3587 668 3652 latinum
691 3587 787 3653 vertit
801 3587 955 3669 epistolas
978 3588 1169 3669 pastorales,
1188 3586 1303 3670 quibus
1319 3586 1353 3650 hi

269 3694 344 3748 suut
363 3685 446 3748 tituli
465 3709 472 3748 :

304 3896 344 3970 (l)
363 3899 433 3952 Acta
455 3904 575 3953 coclesioe
594 3901 800 3956 Mechlinleusis
821 3908 891 3954 anni
913 3917 946 3956 m.
968 3915 1030 3958 nco.
1053 3915 1131 3957 xvim.
1156 3908 1230 3955 ciacc
1253 3903 1357 3954 matam

268 3988 437 4057 Unigenilus
457 3991 498 4044 sic
519 3990 631 4056 hebent,
655 4006 684 4062 p.
713 3991 775 4060 112,
799 3992 828 4045 in
857 3993 974 4047 formula
996 3991 1172 4046 adhaesionis
1200 3992 1357 4062 subscripta

269 4077 303 4132 la
322 4077 478 4134 novembris
501 4079 570 4136 1718
585 4099 593 4135 :
608 4081 746 4137 Aurelius
765 4082 862 4146 Plotio,
877 4088 909 4135 in
927 4087 989 4138 coll.
1003 4097 1103 4138 canon.
1117 4097 1175 4148 reo.
1196 4080 1314 4149 monci-u
1329 4089 1355 4138 ol

267 4173 312 4222 hio
324 4169 441 4224 Looonii
451 4187 502 4237 pet·
514 4171 532 4228 7
545 4177 630 4228 aunis
642 4171 671 4230 S.
692 4169 742 4228 Tu.
758 4171 840 4238 Prot.
