3284 4956
689 465 875 530 —169-

234 645 350 719 aiensi,
368 645 585 711 amarchione
600 646 780 728 Berghensi
802 655 833 711 et
847 645 920 711 aliis
935 645 1068 728 privatis
1084 647 1250 728 personis;
1267 645 1321 728 qui

235 745 281 810 sic
296 744 446 826 reliquati
473 754 561 820 sunt,
578 753 612 810 ut
637 745 723 810 dioto
750 743 886 826 collegio
906 746 938 810 io
960 747 1120 826 praesenti
1146 747 1321 811 debeantur

236 842 315 906 ultra
331 859 390 908 sex
406 843 505 906 millia
522 842 736 918 llorenorum;
754 843 797 908 ita
813 851 846 908 ut
863 861 925 908 non
939 844 1035 908 luerit
1052 853 1193 924 potestas
1204 844 1319 909 bursa-

234 942 300 1008 rios
315 942 491 1016 retinendi,
509 959 591 1023 quos
608 943 639 1005 in
660 942 754 1024 pleno
772 960 832 1008 suo
854 960 988 1008 numero
1008 943 1118 1008 habuit
1140 959 1224 1008 anno
1239 943 1322 1021 [milo

232 1039 346 1105 lesimo
365 1041 635 1122 quingentesimo]
652 1041 892 1122 septuagesimo
908 1050 1032 1106 octavo.

273 1139 475 1204 Gravissimo
490 1156 618 1221 quoque
633 1139 785 1221 praesidii
803 1140 951 1204 militaris
973 1157 1071 1205 onere
1085 1150 1247 1222 gravatum
1264 1141 1323 1206 luit

234 1238 295 1302 hoo
320 1238 509 1320 collegium,
536 1247 580 1314 et,
597 1255 636 1302 eo
662 1237 809 1312 durante,
826 1238 920 1303 etiam
937 1237 1096 1318 aliquibus
1122 1238 1321 1318 inpartibus

236 1353 368 1418 passum
395 1337 520 1402 ruinam
547 1336 768 1402 aedificiorum
794 1354 829 1403 ex
857 1337 986 1402 illorum
1013 1337 1110 1401 nimia
1137 1347 1319 1414 vetustate;

236 1453 329 1518 quam
359 1453 488 1518 quoque
514 1451 608 1516 passa
636 1435 773 1500 luissent
798 1435 932 1516 reliqua,
962 1435 990 1500 si
1021 1435 1164 1516 ejusdem
1193 1437 1320 1517 collegii

234 1551 355 1616 regens
371 1536 404 1598 in
430 1551 469 1600 eo
495 1551 560 1599 non
587 1543 837 1614 perseverasset.
864 1533 960 1615 Cuius
985 1534 1112 1616 collegii
1134 1535 1321 1615 praesidens

233 1643 308 1698 tuuc
324 1633 387 1698 luit
413 1647 445 1698 et
470 1632 576 1698 adbuc
597 1641 645 1698 est
667 1632 818 1697 dominus
841 1641 873 1697 et
888 1633 1040 1714 magister
1053 1633 1192 1706 loannes
1213 1633 1321 1699 Piere-

233 1743 334 1807 mont,
352 1733 453 1813 quiet
468 1732 688 1797 totolerehoc
707 1731 834 1796 turbido
851 1741 1009 1812 tempore,
1026 1731 1098 1796 aliis
1115 1732 1321 1814 paedagogiis

231 1831 365 1904 clausis,
388 1831 518 1896 scholas
534 1830 668 1911 aperuit,
687 1840 719 1895 et
734 1829 765 1893 in
782 1829 1036 1910 eisJuventutem
1059 1830 1168 1894 doceri
1184 1829 1271 1906 lecit,
1289 1841 1320 1896 et

234 1947 320 1995 nunc
334 1930 378 1994 ab
390 1931 497 2012 aliquo
510 1939 654 2010 tempore
666 1937 802 2010 quatuor
817 1929 983 1994 bursarios
995 1929 1171 2000 admisit,et
1185 1930 1318 2011 collapsi

235 2029 374 2094 aedilicii
391 2037 513 2111 partem
529 2028 652 2093 reiecit,

277 2127 384 2208 liuius
410 2127 596 2208 paedagogii
625 2127 812 2208 praesidens
838 2143 897 2191 suo
925 2126 1068 2206 periculo
1094 2135 1126 2192 et
1151 2127 1321 2192 commodo

236 2226 389 2290 familiam
405 2227 438 2289 in
455 2226 593 2306 collegio
607 2242 735 2306 semper
749 2226 836 2292 alere
848 2226 942 2302 solet,
958 2241 1016 2306 pro
1028 2225 1184 2290 burseriis
1199 2226 1320 2292 habens

235 2326 382 2390 subsidia
400 2333 656 2406 supratactorum
672 2325 842 2390 redituum.
859 2327 1014 2399 Quaeres
1030 2324 1184 2390 moderno
1199 2327 1322 2408 regenti

236 2425 277 2488 ita
301 2425 410 2506 coepit
435 2441 510 2489 esse
536 2425 680 2499 molesta,
710 2433 743 2488 ut
764 2424 805 2490 de
827 2425 1006 2490 deserendo
1029 2423 1166 2505 collegio
1182 2425 1322 2506 cogitare

236 2523 393 2604 coeperit,
415 2523 480 2586 imo
496 2523 591 2586 etiam
610 2521 829 2586 visitatoribus
847 2531 878 2586 et
894 2522 1113 2602 provisoribus
1130 2521 1273 2601 eiusdem
1289 2523 1319 2587 id

237 2621 513 2702 proposuerit3et,
524 2629 557 2684 ut
573 2620 677 2694 laniat,
695 2620 873 2684 necessitas
888 2636 961 2684 eum
974 2629 1078 2700 coget,
1096 2620 1122 2684 si
1139 2620 1320 2684 debitorum

237 2719 399 2784 redituum
412 2719 499 2799 iusta
514 2717 619 2800 aliqua
635 2717 752 2782 solutio
768 2719 874 2782 statim
891 2718 919 2782 ei
936 2735 999 2782 non
1014 2718 1167 2799 obtinget.

276 2818 470 2882 visitatores
493 2825 525 2881 et
547 2817 731 2897 provisores
754 2816 849 2896 huJus
865 2816 991 2897 collegii
1007 2816 1172 2880 constituit
1187 2817 1322 2881 facultas

235 2915 353 2994 artium
370 2916 465 2990 duos,
483 2932 618 2995 quorum
641 2915 721 2979 aiter
743 2915 774 2977 iu
799 2915 959 2995 praesenti
983 2923 1033 2979 est
1048 2914 1197 2979 dominus
1213 2927 1244 2980 et
1260 2931 1323 2978 ma·

237 3015 339 3093 gister
355 3013 514 3078 flenricus
538 3013 706 3094 Cayckius,
731 3028 842 3076 sacrae
864 3011 1046 3092 theologiae
1067 3012 1191 3087 doctor,
1209 3023 1241 3077 et
1256 3029 1323 3078 ma-

237 3111 340 3192 gister
357 3111 454 3176 llavrd
471 3111 633 3194 Sexagius‚
650 3128 759 3176 sacrae
775 3111 955 3192 theologiae
971 3112 1163 3177 licentiatus.

398 3265 509 3318 Ectrct't
528 3269 561 3318 de
580 3261 720 3317 l'Historia
741 3259 952 3316 Lovaniensium
971 3266 1004 3314 de
1023 3261 1161 3314 Melanos.

279 3409 298 3444 a
314 3383 451 3448 Carolus
466 3384 578 3450 viruli.
599 3384 631 3446 in
654 3383 726 3463 jure
749 3381 904 3447 canonico
926 3390 958 3446 et
981 3381 1138 3446 medicina
1156 3381 1322 3446 baccalau-

238 3500 327 3559 reus,
347 3483 470 3564 primus
493 3483 641 3547 laudator
665 3491 695 3546 et
722 3497 778 3562 per
804 3497 906 3546 artnos
933 3480 972 3544 56
994 3497 1110 3561 regens
1136 3481 1321 3561 paedagogii

239 3582 323 3656 hilii,
351 3582 430 3646 obiit
452 3599 536 3647 anno
562 3581 653 3656 1493,
681 3579 917 3662 octogenarius.
942 3579 1070 3661 Legavit
1090 3578 1171 3643 Lilio
1193 3579 1322 3644 domum

239 3695 330 3744 suam
359 3681 520 3760 multaque
545 3679 605 3742 alia
627 3680 709 3743 bona
731 3679 768 3742 ad
793 3695 884 3742 usum
905 3678 1129 3759 magistrorum
1152 3687 1182 3742 et
1198 3677 1324 3742 schola-

240 3778 336 3840 rium.
365 3778 455 3842 Unde
480 3778 635 3842 hactenus
660 3793 766 3841 annue
787 3785 979 3856 receperunt
1004 3776 1059 3838 ltl
1088 3777 1266 3841 rhenenses
1292 3785 1325 3841 et

240 3875 323 3940 duos
351 3876 477 3941 modios
508 3876 655 3958 siliginis,
674 3875 835 3940 mediatim
860 3875 1063 3940 dividendos.
1092 3875 1169 3940 item
1196 3875 1324 3955 reliquit

242 3975 322 4040 solis
338 3975 542 4041 scholaribus
564 3976 709 4040 redditus
733 3975 798 4039 lere
813 3973 852 4038 30
868 3975 1077 4039 florenorum.
1095 3975 1228 4038 Donavit
1243 3991 1324 4056 quo·

242 4089 304 4153 que
330 4073 459 4138 hortum
482 4075 514 4138 in
538 4075 639 4156 platea
662 4073 909 4156 Flamingorum,
934 4073 987 4154 quii
1007 4073 1124 4137 Leonis
1140 4073 1266 4148 dicitur,
1284 4089 1324 4138 eo

244 4172 327 4252 quod
345 4171 444 4238 Leoni
466 4173 581 4238 0utera
597 4173 666 4254 ejus
684 4175 914 4236 usumfructum
932 4171 1146 4236 donaverat.»
