3284 4956
619 501 659 509 -
684 463 743 528 raa
766 499 806 507 -

214 641 325 706 Graues
347 661 494 707 resecas.
519 644 557 706 N.
578 645 610 708 B.
635 645 678 708 Ex
694 643 805 724 primis
822 641 925 706 literis
942 641 1199 704 hexametrorum
1216 635 1250 698 lit

182 742 352 816 locelinus,
367 755 638 823 pentanuctrorum
657 744 852 807 Homeonius.

254 889 286 954 lu
298 889 395 954 l'risla
414 891 560 955 undosus
577 892 676 972 patria
692 901 742 956 est
757 891 834 954 mihi
850 889 977 968 Follega
995 903 1112 967 pagum

329 987 500 1054 liamhema
516 991 616 1071 stirps
631 989 777 1056 celebres
794 989 897 1054 reddit
911 987 993 1050 avita
1011 996 1129 1066 patres.

254 1085 377 1151 Occulto
392 1089 531 1152 extorris
546 1089 672 1169 genitor
685 1106 768 1169 quos
783 1089 886 1169 gessit
902 1089 1055 1158 honores,

328 1187 430 1267 Atque
446 1199 559 1252 atavus
575 1189 737 1261 columen,
758 1177 920 1251 hemmera
935 1185 1033 1257 clara,
1053 1194 1139 1247 trum
1157 1205 1164 1244 :

248 1284 408 1365 ttmboque
424 1296 590 1366 praetores
604 1287 715 1362 abavi‚·
730 1303 866 1367 quorum
883 1283 1000 1349 occidit
1015 1283 1096 1346 alter

330 1383 428 1448 ltarte
443 1387 545 1448 aciem
560 1401 681 1450 conaris
698 1401 847 1465 rumpere
862 1383 1062 1454 Saxonicum,

249 1481 396 1548 conticeo
410 1483 494 1564 juris
510 1485 594 1564 quod
613 1485 711 1565 patris
727 1483 906 1548 avunculus
922 1493 989 1547 arte

328 1580 457 1658 claruit,
475 1593 507 1647 et
525 1583 646 1648 medica
663 1593 794 1664 patruus
808 1577 877 1649 art'e
893 1581 1003 1662 patris.

251 1677 332 1742 llaec
346 1679 463 1744 etenim
479 1682 589 1762 generi
605 1682 764 1746 debentur
780 1703 788 1742 ε
806 1681 907 1762 gloria
923 1697 997 1746 vera
1014 1689 1064 1744 est

327 1777 439 1842 Ornari
456 1781 605 1860 propriae
621 1780 725 1846 laudis
740 1781 863 1844 honore
878 1796 967 1846 suae.

251 1877 383 1942 illustris
399 1880 533 1960 sophiae
549 1881 648 1944 cessit
664 1881 739 1944 mihi
757 1881 859 1959 palma
877 1879 1012 1949 borani;

326 1976 487 2058 beneque,
504 1993 572 2042 earn
591 1979 758 2060 protheus,
775 1991 860 2042 serta
877 1980 1040 2057 decusque
1057 1975 1131 2040 tuli:

250 2073 294 2138 16
308 2073 423 2138 Grudir
440 2078 566 2139 ornarit
582 2079 756 2142 reverenda
774 2078 900 2144 licentia
916 2078 1017 2144 lauro.

327 2173 427 2238 lnluln
446 2175 633 2240 mechliniae
648 2186 697 2240 est
713 2177 810 2240 indita
827 2191 918 2240 sacra
936 2174 1023 2238 mihi.

252 2269 324 2334 itera
342 2273 409 2352 pias
425 2273 499 2334 duxi
518 2283 690 2354 pastorque
706 2275 736 2335 in
756 2283 842 2354 prata
860 2274 1018 2344 bidentes,

328 2369 367 2434 Ut
383 2369 453 2436 vice
469 2388 539 2434 sum
558 2371 686 2436 functus
701 2373 801 2435 nuulii
817 2371 1004 2452 apostolici;

251 2465 305 2529 Sed
320 2479 411 2546 peste
426 2469 593 2549 abreptum
609 2470 682 2536 dum
700 2487 819 2550 corpus
835 2471 945 2552 Lingia
962 2480 1096 2542 moeret,

325 2565 435 2631 Solare
450 2585 470 2630 o
485 2568 634 2643 animam,
652 2569 778 2634 Christe
793 2570 943 2650 benigne,
961 2585 1075 2632 meam.

218 2693 385 2792 chronicon
401 2687 563 2764 distichon
579 2717 637 2782 pro
653 2717 737 2765 arum
756 2701 844 2764 1661.

235 2827 348 2894 Lub'am
370 2832 448 2902 oUln
471 2832 618 2896 serulae?
639 2831 717 2903 oUin
740 2835 836 2898 sudas
857 2831 1009 2898 Lleurla
1032 2851 1066 2894 er
1087 2835 1181 2894 66661

280 2927 412 2994 eULalru
435 2931 533 3000 uUlut
556 2931 672 2996 Velox
693 2932 889 2996 rurusl'ohar
910 2932 996 2996 ullus
1019 2929 1134 2995 uaGUs.

216 3072 259 3136 89.
273 3075 392 3141 luisses
413 3079 638 3155 Scurrmmms,
664 3081 884 3158 lovaniensis,
910 3097 994 3144 anno
1011 3079 1089 3144 1691
1106 3097 1124 3144 6
1140 3079 1243 3142 l‘orco

186 3175 323 3238 secundm
344 3178 375 3239 in
397 3179 508 3243 schola
524 3181 652 3254 artium,
671 3197 728 3261 per
744 3181 852 3261 plures
864 3197 967 3244 anuos
984 3179 1041 3243 luit
1057 3181 1088 3243 in
1105 3179 1167 3244 hoc
1182 3195 1242 3242 suo

186 3271 358 3356 pedagogio
372 3277 550 3356 professor.
580 3279 635 3344 hie
661 3279 700 3343 25
724 3280 917 3359 septembris
941 3279 1020 3342 1616
1043 3278 1242 3342 renuntiatus

187 3363 231 3430 luit
251 3385 355 3437 sacrae
374 3375 555 3457 theologiae
575 3377 699 3443 doctor.
722 3377 805 3442 Obiit
829 3379 866 3441 11
888 3379 991 3441 martii
1015 3377 1107 3452 1616,
1130 3375 1242 3440 aetatis

186 3461 217 3524 61
227 3481 380 3535 annorum.
393 3473 471 3538 Vide
488 3491 600 3540 sacrae
614 3478 796 3558 theologiae
811 3479 975 3542 doctores.

217 3595 258 3660 tt.
275 3602 437 3670 Srsruruus
452 3605 578 3685 liaustu,
597 3609 795 3676 Belloramus
811 3629 868 3676 seu
885 3629 923 3675 ex
939 3609 1127 3691 Beauraing,
1147 3611 1243 3674 tiator·

186 3691 297 3776 Nicolai,
313 3702 350 3766 66
365 3723 425 3784 quo
448 3723 545 3788 supra
571 3716 603 3771 6ο
625 3709 676 3782 ut,
700 3727 785 3774 anno
802 3711 881 3774 1698
901 3729 918 3774 6
935 3712 1036 3774 Porco
1052 3710 1083 3772 iu
1100 3708 1241 3790 generati

186 3795 281 3860 unium
295 3805 489 3880 promotione
506 3808 631 3872 tertius.
648 3808 885 3890 Philosophiam
911 3812 942 3874 iu
964 3826 1024 3874 suo
1048 3809 1110 3872 hoc
1125 3807 1242 3888 paeda·

188 3895 264 3973 gagio
277 3901 380 3977 paucis
400 3905 491 3968 arinis
512 3905 679 3986 professus
701 3913 749 3984 tex
771 3910 852 3972 actis
877 3909 996 3973 urbicis
1018 3919 1086 3972 erat
1101 3908 1152 3970 hic
1169 3921 1241 3986 pro·

189 3989 273 4056 lessor
286 3996 303 4060 9
318 4001 453 4068 octobris
469 4003 560 4078 tuba,
579 4022 640 4069 una
664 4023 736 4070 cum
761 4007 858 4072 trahe
873 4025 934 4074 suo
951 4007 1102 4084 11166166),
1117 4005 1148 4070 in
1164 4004 1242 4068 Ger-

190 4091 301 4156 maniam
316 4097 467 4178 migravit,
484 4103 537 4166 ubi
560 4115 592 4167 et
610 4103 694 4184 juris
718 4106 885 4186 utriusque
907 4107 1021 4170 doctor
1036 4115 1164 4170 creatus
1179 4113 1240 4168 est.

190 4183 277 4254 beotii
292 4193 402 4262 deinde
416 4199 522 4264 sedem
537 4200 617 4278 lixit,
633 4203 739 4285 ibique
751 4204 924 4285 aliquando
936 4206 1125 4270 consulares
1139 4205 1242 4268 lasces
