3158 4952
754 487 940 551 „322-

347 684 534 756 blanteriis,
550 687 624 765 axvj
639 685 844 766 melisiajouii
860 684 953 762 lata,
970 686 1048 748 bora
1064 684 1187 748 decima
1206 693 1280 748 ante
1297 700 1395 763 praue

301 781 401 854 dium,
429 782 595 846 convocati
626 799 682 862 per
712 799 762 847 me
791 793 1043 863 comparuerunt
1072 783 1103 844 in
1136 782 1232 846 rubea
1263 799 1389 846 camera

302 879 422 966 domini
449 881 602 955 decanus,
621 892 781 959 regentes,
807 882 969 946 arnoldus
988 881 1054 945 Van
1077 883 1135 946 dar
1162 881 1392 954 lialvcrrnilen,

300 977 440 1044 ioannes
462 977 636 1053 Gloviman,
653 980 839 1044 filmannus
855 981 984 1055 Clerici,
1007 981 1160 1044 Nicolaus
1176 979 1216 1044 de
1232 979 1345 1043 Castro
1361 991 1392 1043 et

299 1076 441 1142 Juducus
463 1077 503 1142 de
525 1078 648 1154 fileto;
674 1097 782 1144 coram
807 1082 923 1161 quibus
943 1080 1095 1144 dominus
1111 1097 1229 1160 regens
1244 1078 1395 1142 Falconis-

301 1178 444 1242 exnibuit
459 1177 633 1258 inscriptis
657 1181 870 1246 visitationem
890 1181 1003 1245 factam
1024 1179 1218 1259 periuratos
1234 1177 1390 1242 architec-

303 1284 354 1340 tos
372 1276 458 1355 opidi
479 1277 701 1352 Lovaniensis,
719 1295 756 1343 ao
780 1289 1014 1344 seutamentum
1031 1279 1218 1344 eorumdem
1243 1277 1275 1340 in
1296 1277 1396 1340 domo

301 1391 358 1438 sua
385 1375 587 1449 falconensi,
617 1387 710 1457 prout
736 1377 831 1442 latius
854 1379 886 1441 in
908 1379 992 1442 dicta
1016 1377 1129 1442 cedula
1153 1375 1339 1440 continetur
1361 1371 1392 1436 ef

300 1473 452 1541 liabeturr
480 1473 615 1538 ulterius
642 1475 811 1540 declarans
840 1485 976 1540 mentem
1007 1493 1096 1540 suam
1124 1491 1191 1540 :se
1222 1491 1283 1538 non
1315 1485 1387 1537 esse

301 1571 489 1637 intentionis
505 1573 675 1638 edificandi
700 1592 757 1640 seu
783 1576 951 1657 reparandi
977 1576 1151 1657 predictam
1177 1575 1307 1638 domurn
1325 1572 1390 1635 suis

301 1670 498 1752 sumptibus,
525 1689 629 1752 nequo
652 1674 827 1754 regentium
845 1690 987 1739 servare.
1006 1673 1117 1738 Posuit
1132 1673 1283 1736 dominus
1299 1672 1391 1734 deca·

302 1787 362 1834 nus
388 1771 420 1833 in
436 1771 723 1836 deliberationibus
745 1772 963 1844 dominorum,
982 1772 1132 1854 quidnam
1156 1772 1187 1858 in
1209 1769 1389 1850 hujusmodi

301 1869 402 1932 arduo
426 1870 554 1948 negotio
575 1870 617 1933 sit
632 1872 803 1950 agendum.
823 1872 896 1936 Post
912 1888 989 1936 vero
1004 1873 1131 1952 longam
1148 1868 1389 1942 conferentiam,

302 1975 333 2032 et
356 1983 395 2032 ex
420 1969 605 2033 eorumdem
629 1969 832 2033 dominorum
852 1970 1151 2042 deliberationibus,
1168 1977 1291 2032 attento
1309 1967 1390 2048 quod

302 2066 454 2130 dominus
476 2084 592 2147 regens
616 2084 677 2131 non
702 2069 838 2133 intendit
861 2069 1013 2134 edificare
1033 2085 1136 2148 necue
1152 2083 1304 2148 reparare
1321 2084 1391 2144 pre-

302 2165 419 2230 dictam
437 2167 566 2230 domum
583 2176 616 2230 et
630 2166 791 2234 dimittere
808 2169 996 2250 regendam,
1013 2169 1098 2249 quod
1116 2169 1177 2233 boe
1194 2176 1392 2246 proponatur

304 2265 457 2340 facultati,
474 2275 505 2329 ct
522 2265 582 2328 boc
598 2281 691 2346 quarn
707 2267 874 2332 citissimo.
895 2291 907 2327 i
925 2270 1016 2340 Acri,
1032 2267 1098 2340 Vll,
1117 2267 1172 2330 fol.
1190 2265 1251 2329 184
1268 2278 1309 2327 1²⁰.

348 2414 403 2476 llic
415 2415 608 2496 forbanniti
615 2417 698 2496 iunii
711 2417 803 2491 1543,
813 2417 931 2481 indicta
948 2426 998 2480 cst
1010 2415 1215 2497 congregatio
1230 2412 1392 2477 facultatis

305 2511 343 2574 ad
361 2511 470 2574 boram
488 2512 657 2588 decimam,
671 2514 701 2576 in
719 2514 842 2578 scholis
855 2515 1050 2588 artistarum,
1068 2530 1166 2592 super
1183 2511 1394 2592 sequentibus

303 2609 448 2673 articulis
473 2627 480 2671 :
507 2610 631 2675 Primus
658 2622 726 2676 erat
762 2614 802 2677 de
840 2613 1016 2692 pedagogio
1043 2612 1202 2684 Falconis,
1232 2610 1318 2692 quod
1345 2619 1394 2673 est

306 2707 395 2771 ruina
414 2708 508 2772 unius
525 2710 623 2789 partis
640 2711 810 2790 plurimum
834 2713 1024 2786 desolatum,
1043 2711 1130 2777 etde
1146 2708 1392 2776 conservatione

306 2806 529 2886 inagistroruin
554 2815 585 2870 et
607 2807 758 2887 juvenum
776 2810 863 2874 illius
882 2810 1061 2891 pedagogi,
1079 2809 1162 2889 nuorl
1181 2819 1231 2872 est
1247 2817 1394 2888 quartum

307 2905 483 2970 membrum
501 2907 660 2970 facultatis
678 2919 798 2988 eleget
816 2910 957 2989 presenti
975 2909 1130 2973 remedio.

346 3083 454 3160 Quoad
484 3086 619 3166 primum
636 3088 805 3152 articulum
829 3090 951 3154 domini
969 3089 1202 3154 cotumiscruut
1221 3088 1283 3151 lroc
1300 3102 1396 3166 nego

308 3183 386 3246 tium
402 3184 534 3248 domino
550 3186 673 3249 dccauo
689 3197 720 3250 et
736 3187 898 3268 deputatis
914 3187 1087 3254 ordinariis
1103 3203 1175 3250 cuin
1193 3183 1393 3248 assumendis

307 3297 363 3362 per
388 3281 557 3354 decanum,
582 3301 654 3346 curn
678 3292 784 3350 tamen
812 3287 969 3350 relatione
995 3285 1034 3348 ad
1058 3285 1252 3349 facultatem.
1273 3307 1287 3342 i
1304 3283 1392 3353 Acri,

305 3381 370 3456 vlt,
386 3381 441 3444 fol.
461 3381 521 3445 tal
538 3391 567 3445 r⁰
582 3393 614 3447 et
632 3395 674 3446 v⁰.

347 3515 463 3578 Eodem
478 3515 537 3588 dfe,
556 3516 633 3579 liora
650 3515 760 3596 quiuta
777 3532 794 3578 a
813 3517 958 3594 prandio,
977 3515 1144 3580 convocati
1170 3531 1226 3596 per
1244 3531 1293 3577 me
1308 3529 1391 3577 corn-

309 3621 482 3694 paruerunt
499 3613 531 3675 in
550 3614 645 3678 rubea
669 3632 795 3678 camera
819 3615 969 3679 domiuus
993 3615 1145 3688 decanus,
1173 3619 1395 3694 procuratores

308 3710 471 3776 nationum
501 3711 669 3776 Brabantie
696 3723 726 3776 et
754 3712 932 3786 Hollandic‚
963 3723 1111 3794 regentes
1132 3711 1393 3793 pedagogiorum,

307 3809 468 3872 arnoldus
484 3810 548 3872 Van
577 3811 635 3873 der
661 3809 885 3886 Halverrnilen,
904 3811 1070 3892 Philippus
1096 3810 1194 3883 Book,
1213 3810 1394 3872 Tilmannus

308 3907 434 3982 Clerici,
453 3907 632 3972 Ludovicus
649 3909 713 3972 Van
740 3909 865 3984 Germe,
892 3909 1043 3974 Nicolaus
1058 3911 1098 3973 de
1114 3911 1237 3982 Castro,
1255 3907 1395 3970 ludocus

309 4007 349 4070 dc
363 4006 482 4092 l'ileto;
500 4024 608 4072 coram
625 4007 743 4089 quibus
758 4008 910 4074 domiuus
927 4025 1043 4090 regens
1059 4008 1206 4072 Falconis
1223 4001 1395 4071 declaravit

310 4112 445 4168 mentem
472 4105 540 4169 sive
568 4106 778 4170 intentionem
803 4122 893 4170 suain
912 4125 920 4166 ε
939 4123 975 4171 se
996 4123 1059 4171 non
1085 4106 1269 4170 esseillius
1296 4104 1395 4168 inteu-

309 4202 407 4266 tiouis
433 4203 500 4268 sive
526 4203 621 4268 animi
649 4203 719 4270 suis
747 4204 901 4284 impensis
928 4220 965 4270 ac
988 4204 1170 4286 sumptibus
1194 4219 1343 4286 reparare
1364 4207 1396 4263 et
