3158 4952
747 449 932 512 ..appp-

293 611 442 696 similiter
463 638 605 711 paratum
630 630 834 705 renuntiare,
857 629 884 694 si
907 627 1091 712 opusculi,
1116 644 1174 692 sue
1196 624 1385 708 obligationi

293 731 398 812 quoad
415 730 519 795 dietas
534 730 662 795 domos.

335 830 367 892 Si
394 839 499 894 tamen
526 839 633 909 preter
659 829 743 894 dicta
770 846 869 895 onera
896 829 928 892 in
956 837 1120 909 posterum
1146 824 1385 906 comperiantur

294 928 378 994 dicte
394 928 509 992 domus
526 929 557 991 in
574 927 682 1008 aliquo
698 938 839 1009 gravate,
855 928 894 992 de
911 927 972 992 boc
988 926 1138 990 dominus
1155 939 1270 1004 regens
1289 923 1384 986 iacul-

296 1033 390 1092 tatem
408 1025 560 1090 relevabit
576 1035 606 1090 et
622 1026 804 1090 indemnem
822 1025 980 1100 servante
1005 1033 1036 1088 et
1053 1023 1081 1087 si
1097 1023 1192 1086 etiam
1212 1021 1316 1086 minos
1335 1019 1382 1082 ir:-

294 1125 462 1189 ueniantur
483 1133 624 1206 gravate,
643 1124 704 1189 boc
722 1124 814 1189 cedet
837 1124 969 1188 domino
987 1121 1121 1204 regenti,
1141 1129 1235 1201 prout
1260 1118 1383 1200 equitas

297 1231 329 1288 et
340 1222 462 1304 justitia
480 1223 664 1304 postulabit.

337 1322 423 1387 Ultra
455 1322 597 1402 predicta
626 1338 725 1387 onera
751 1333 880 1387 centum
910 1332 939 1386 et
968 1320 1028 1402 xxij
1065 1317 1250 1386 renensium
1280 1317 1381 1382 Caroli

299 1420 436 1488 dimittet
451 1421 601 1486 dominus
624 1437 739 1500 regens
754 1421 857 1485 dictas
873 1420 989 1484 domos
1009 1436 1081 1484 eum
1098 1417 1167 1482 suis
1183 1417 1383 1498 pertinentiis

300 1535 359 1600 pro
386 1519 471 1584 mille
497 1518 693 1600 octingentis
721 1520 912 1584 renensibus
939 1518 1039 1584 semel
1061 1517 1189 1592 dandis,
1215 1517 1385 1582 reservatis

302 1625 405 1682 tamon
428 1617 531 1683 eidem
554 1619 686 1682 domino
710 1619 831 1700 regenti
858 1619 1009 1683 omnibus
1037 1615 1208 1680 mobilibus
1234 1615 1266 1677 in
1291 1613 1383 1680 dietis

300 1717 450 1782 domibus
463 1718 685 1795 existentibus,
702 1736 764 1801 que
776 1718 876 1782 clavis
893 1717 952 1781 lixa
966 1734 1028 1782 uon
1042 1726 1129 1790 sunt,
1149 1725 1182 1779 ut
1199 1715 1317 1780 dieitur
1334 1716 1386 1778 etot

300 1817 364 1879 niet
380 1817 470 1896 nupel
484 1822 599 1880 vostea
615 1835 659 1888 es,
677 1827 707 1881 et
723 1817 872 1881 omnibus
895 1815 1020 1882 lecticis
1043 1823 1075 1880 et
1097 1813 1252 1879 studnriis
1271 1812 1384 1893 magis·

302 1922 423 1978 trorum
440 1925 471 1980 et
483 1915 656 1996 juvenum3
673 1933 735 1997 oue
751 1916 820 1997 ipse
836 1933 952 1998 regens
968 1914 1035 1978 suis
1053 1913 1192 1995 propriis
1208 1911 1385 1992 sumptibus

301 2012 371 2078 lieri
389 2014 474 2078 iecit.
1196 2095 1199 2100 ,

346 2112 494 2177 Pretereu
510 2111 605 2176 offert
627 2113 777 2176 dominus
795 2129 923 2193 regens,
941 2111 1025 2192 quod
1044 2118 1187 2174 mutuum
1212 2117 1387 2192 nongento·

302 2226 372 2274 rum
390 2210 575 2276 renensium
591 2211 653 2275 sibi
671 2228 727 2291 per
744 2211 924 2276 facultatem
941 2228 1025 2276 anno
1040 2209 1200 2290 superiori
1224 2209 1339 2274 laetum
1357 2219 1387 2272 ct

303 2309 405 2374 eidem
435 2310 574 2374 iaculati
600 2310 719 2392 alioqui
746 2310 979 2376 restituendum
1006 2309 1087 2372 intro
1114 2309 1253 2389 spatium
1278 2324 1387 2372 rnorem

303 2424 472 2484 annorum,
489 2408 625 2490 singulis
642 2409 767 2474 scilieet
789 2409 883 2474 annis
899 2409 1005 2472 dando
1021 2415 1148 2474 centum
1166 2423 1331 2480 renenses.
1348 2407 1386 2468 ad

304 2507 410 2572 statim
433 2507 526 2572 cerlut
548 2507 688 2572 facultati
712 2509 743 2571 in
766 2509 959 2573 solutionem
984 2517 1016 2573 et
1039 2506 1283 2570 diminutionem
1306 2504 1389 2569 dicte

305 2621 430 2670 summe
453 2606 538 2670 mille
560 2607 818 2687 octingentorum
836 2607 1037 2678 renensium;
1062 2615 1093 2669 et
1109 2605 1273 2669 residuum
1298 2601 1391 2684 liujus

306 2719 442 2778 summe,
460 2703 609 2769 videlieet
632 2715 880 2785 nongentorum,
905 2704 1080 2786 assignavit
1102 2703 1253 2767 dominus
1277 2718 1391 2782 regens

304 2802 448 2866 ¹facultati
465 2803 654 2867 solvendum
672 2819 729 2882 pro
745 2803 863 2868 debitis
879 2803 959 2874 suis,
979 2802 1128 2866 videlieet
1145 2819 1152 2865 :

1172 2935 1311 2990 &nenses
1324 2933 1388 2988 abui.

350 3025 411 3089 Pro
436 3026 587 3106 predictis
611 3026 789 3091 redditibus
812 3035 844 3090 et
865 3025 1032 3101 oneribus,
1049 3025 1166 3106 quibus

308 3123 1164 3206 otonedomussuntgravneoeterminisjamcussis.
1237 3123 1307 3186 clxv
1350 3119 1391 3200 xij

352 3223 429 3288 ltem
446 3223 529 3304 apud
544 3223 697 3287 loannem
713 3223 754 3288 de
769 3222 857 3304 llylte
882 3268 1163 3286 ......
1275 3219 1308 3300 ije

354 3323 520 3403 ltemupud
531 3322 693 3388 Nicolaum
703 3322 1167 3398 (ireneus,mercatoremvini,
1287 3336 1305 3383 o

349 3424 440 3502 Apud
457 3421 624 3487 llartiuum
645 3423 685 3487 de
707 3421 780 3498 bloi,
799 3423 904 3487 lunen.
923 3421 1168 3494 Lovaniensem,
1288 3433 1306 3482 c

349 3522 440 3600 npuu
458 3521 585 3586 viduam
599 3522 709 3586 iacobi
725 3521 893 3586 Caurbalse
910 3521 941 3584 in
958 3520 1126 3585 blecblinia
1158 3565 1166 3580 .
1286 3533 1304 3580 o

1200 3621 1388 3631 -..-.-.---

350 3675 536 3751 Quodebita
552 3677 646 3741 simul
664 3676 783 3740 iaciunt
828 3723 1168 3740 .......
1204 3674 1246 3756 vje
1261 3673 1312 3738 lxv
1351 3671 1395 3752 xij

351 3775 485 3840 Restant
500 3792 576 3842 vero
597 3777 638 3840 de
654 3776 808 3855 predictis
832 3775 1003 3856 nongentis
1027 3775 1231 3848 renensium,
1248 3771 1397 3838 uidelicet

310 3874 452 3957 ijmxxiiij
470 3891 624 3940 renenses
640 3873 693 3955 viij
710 3873 837 3938 stuleri.
854 3872 1031 3938 Contentus
1046 3882 1096 3938 est
1117 3873 1267 3937 dominus
1283 3884 1397 3951 regens

310 3989 439 4036 marrere
461 3973 520 4037 sub
544 3973 690 4038 manibus
713 3972 872 4037 facultatis
896 3989 954 4053 pro
979 3973 1222 4037 assecuratione
1236 3965 1395 4035 warandie

309 4070 349 4134 ad
376 4087 473 4134 unum
499 4087 629 4144 annum,
654 4073 702 4135 vel
728 4073 831 4136 donee
857 4071 1040 4136 coristiterit
1062 4072 1167 4136 dietas
1193 4069 1307 4134 domos
1332 4081 1393 4129 non

309 4185 384 4234 esse
401 4169 473 4250 plus
488 4179 649 4251 gravatas,
663 4186 756 4252 quam
775 4169 988 4252 prescriptum
1006 4179 1066 4235 est.
