3236 4952
733 445 919 514 aill-

325 627 365 690 Et
381 626 464 705 intio
478 623 644 688 labebatur
660 643 669 688 :
687 624 846 690 Praesens
861 635 1037 690 extractum
1053 642 1092 690 ex
1107 626 1255 708 originali
1272 636 1371 692 testa-

282 734 392 788 mento
413 723 618 805 desumptum
642 735 675 789 et
690 724 888 806 descriptum
907 725 947 789 de
963 725 1060 790 verbo
1084 725 1272 790 adverbum
1297 743 1370 792 cum

201 855 205 864 ·
283 824 397 888 eodem
421 824 619 888 concordare
649 834 811 903 repertum
838 835 899 900 est,
925 824 1204 910 lactacollatione
1226 825 1372 908 diligenti

284 939 339 1002 per
369 938 419 986 me
449 921 607 986 andream
639 921 764 1002 Bottyn,
797 923 960 1003 publicum
991 923 1095 988 sacris
1132 925 1309 1004 apostolica
1339 933 1371 990 et

283 1020 438 1100 imperiali
475 1021 721 1084 authoritatibus
758 1022 930 1098 notarium,
963 1021 994 1086 in
1025 1022 1165 1086 concilio
1202 1023 1370 1089 Flandriae

279 1118 553 1188 admissumteste
564 1118 657 1200 signo
672 1119 807 1183 manuali
819 1119 871 1184 bic
883 1119 1060 1200 adscripto,
1071 1119 1110 1183 19
1122 1121 1265 1186 octobris
1275 1122 1368 1185 1585.

320 1217 361 1282 m
375 1218 588 1298 subsignatum
604 1225 671 1282 erat
689 1241 699 1278 :
715 1219 854 1282 bannens
871 1219 996 1294 Borrru,
1015 1219 1172 1283 notarius.

322 1317 454 1394 Inferias
469 1317 634 1380 labebatur
652 1341 658 1379 :
680 1315 800 1380 Collata
817 1317 995 1381 concortlat
1012 1333 1166 1398 praesens
1188 1318 1281 1398 copia
1297 1335 1371 1383 cum

276 1415 375 1494 copia
390 1414 586 1485 authentica.
602 1417 686 1496 quod
702 1425 835 1482 attestor
854 1439 862 1478 ε
880 1418 935 1480 An.
949 1417 1093 1490 Toauorn,
1108 1415 1264 1492 notarius,
1280 1417 1371 1482 toto.

740 1566 874 1621 Archiros
887 1565 921 1619 de
935 1549 1027 1630 l'btat,
1044 1573 1061 1619 a
1074 1567 1189 1634 Bruges.
1205 1566 1337 1620 Anchises

717 1657 950 1728 acclamationes,
967 1662 1068 1728 paquet
1080 1665 1112 1710 n⁰
1125 1657 1162 1710 77
1175 1655 1279 1728 (7753),
1295 1665 1327 1710 n⁰
1340 1658 1368 1711 t.

316 1865 344 1934 d)
364 1864 456 1918 Lettre
474 1867 512 1916 du
531 1869 695 1930 proferratur
714 1863 813 1918 Michel
832 1833 864 1917 da
882 1865 982 1928 Baua
1005 1863 1141 1917 Matthias
1154 1862 1329 1919 aamercort.

645 1959 821 2009 orcbtdiacre
834 1959 867 2006 de
880 1953 1002 2019 Bruges.

681 2077 702 2160 7
716 2077 869 2150 septembre
888 2075 967 2134 1583.

322 2200 526 2265 Honorabilis
550 2200 679 2266 domine
704 2201 876 2266 licentiata.
894 2201 932 2263 tl
950 2201 1076 2282 augusti
1100 2203 1174 2264 anni
1199 2201 1238 2266 83
1258 2200 1368 2282 accepi

280 2299 402 2364 litteras
419 2309 490 2364 tuas
512 2300 602 2364 datas
619 2301 716 2366 lluaci
733 2301 750 2362 7
767 2300 911 2380 eiusdem
929 2300 1061 2372 mensis,
1079 2299 1251 2380 exquibus
1275 2301 1368 2364 intel-

279 2397 340 2462 lexi
364 2397 529 2463 dominum
556 2407 588 2463 et
611 2399 797 2480 magistrum
825 2398 984 2464 Victorem
1008 2399 1165 2479 Slingcre,
1190 2407 1365 2480 pastorem,

275 2495 353 2560 dum
379 2496 510 2573 vireret,
529 2498 561 2560 in
592 2497 753 2578 Oosburg,
770 2497 832 2559 vita
859 2499 1002 2561 l'unctum
1029 2513 1103 2562 esse
1129 2497 1166 2560 l'l
1192 2497 1265 2560 maii
1292 2497 1366 2560 anni

277 2596 451 2668 currentis,
469 2595 561 2676 cujus
585 2596 707 2659 animae
733 2598 816 2660 Deus
841 2596 1042 2660 misereatur.
1069 2595 1223 2659 Fundavit
1247 2596 1277 2657 in
1301 2595 1369 2659 ool-

276 2693 361 2774 legio
384 2695 485 2758 sancti
505 2693 673 2774 Augustini
697 2711 795 2772 super
818 2693 955 2773 Leydam
981 2694 1111 2758 lovanii
1134 2693 1215 2758 duas
1237 2693 1366 2768 bursas

279 2810 335 2872 pro
349 2793 465 2872 quibus
483 2793 607 2872 reliquit
622 2793 780 2856 redditum
794 2812 809 2854 t
823 2791 1018 2856 florenorum
1033 2792 1253 2866 rbenensium,
1271 2809 1365 2872 quem

276 2893 353 2956 emit
370 2909 468 2972 super
484 2893 653 2972 collegium
671 2891 858 2964 sabaudiae,
878 2891 917 2954 de
933 2907 996 2972 quo
1014 2891 1099 2954 nulla
1116 2890 1288 2954 difficultas
1304 2901 1364 2965 est,

278 2991 338 3054 nisi
362 2992 447 3071 quod
469 2991 533 3070 iam
557 3008 573 3052 a
597 2991 725 3054 duobus
749 3002 801 3054 aut
830 2991 932 3054 tribus
956 2989 1061 3064 annis,
1082 3000 1213 3070 propter
1237 2989 1363 3053 nimiam

276 3091 418 3152 omnium
447 3102 591 3152 nostrum
620 3099 849 3169 paupertatem,
876 3089 1002 3152 solutus
1026 3106 1088 3153 non
1114 3096 1181 3163 est;
1210 3098 1241 3152 et
1266 3089 1364 3152 alium

278 3188 437 3252 redditum
460 3189 556 3252 etiam
574 3209 589 3252 u
606 3189 814 3253 rhemensium
831 3188 1003 3267 quotannis
1018 3205 1117 3267 super
1132 3187 1363 3266 antwerpium,

273 3303 348 3351 cum
363 3289 640 3368 uuaatuuealtera
652 3287 1000 3367 pensionevitali‚quae
1008 3285 1138 3366 jarnper
1150 3286 1218 3366 eJus
1230 3297 1365 3349 mortem

272 3395 368 3449 erunt
380 3385 550 3450 extinctae.
566 3386 685 3450 Horum
700 3395 904 3466 transponas
919 3387 1019 3448 lactus
1033 3394 1083 3448 est
1094 3399 1203 3447 coram
1218 3384 1363 3456 notario,

274 3487 345 3560 sed,
364 3486 390 3548 si
411 3496 499 3550 esset
522 3502 592 3566 pax,
611 3501 776 3566 sperarem
800 3502 862 3548 non
888 3484 956 3548 lore
972 3500 1054 3564 opus
1077 3483 1139 3547 alio
1164 3491 1361 3562 transporta,

271 3584 346 3662 quia
360 3585 458 3648 semel
473 3583 592 3664 aliquid
607 3584 887 3664 recepimus,laota
900 3582 1103 3657 reductiona;
1118 3590 1244 3661 tempus
1256 3589 1363 3645 tamen

270 3682 411 3756 docebit,
437 3683 511 3764 quid
540 3701 622 3763 opus
645 3689 716 3746 erit.
744 3685 822 3747 l’utc
846 3691 1063 3760 transportum
1088 3697 1196 3746 coram
1220 3679 1362 3744 scabinis

273 3795 337 3844 non
354 3782 460 3846 minus
477 3781 547 3845 lieri
571 3799 668 3862 posse
684 3783 768 3862 apud
785 3799 843 3846 vos
867 3797 960 3861 utram
978 3780 1041 3843 bic.
1058 3779 1119 3844 Sed
1137 3788 1223 3843 tanta
1246 3789 1297 3842 est
1312 3780 1364 3843 laic

272 3889 457 3960 paupertas,
476 3889 509 3944 ut
533 3880 626 3944 nobis
642 3881 685 3944 sit
707 3879 924 3962 cogitandum,
942 3878 1104 3960 quomodo
1127 3893 1365 3958 consequemur

272 3992 399 4058 panem,
417 3996 480 4060 quo
504 3994 683 4042 vescamur.
699 3979 767 4042 lam
784 3995 840 4044 sex
858 3994 960 4041 annos
978 3977 1117 4056 undique
1133 3975 1261 4040 obsessi
1286 3973 1363 4038 nibil

271 4077 404 4142 omnino
428 4079 628 4156 recepimus3
647 4095 776 4158 semper
799 4078 831 4140 in
848 4093 973 4140 summa
989 4092 1096 4141 rerum
1120 4076 1263 4139 omnium
1280 4073 1362 4138 cari-

272 4183 337 4238 tate
354 4176 473 4241 luimus
489 4189 521 4242 et
537 4177 746 4241 nibilominus
764 4177 951 4256 premimur,
972 4177 1161 4255 nescioquo
1178 4173 1361 4249 latrocinio,
