3236 4952
762 409 947 474 -l88—

308 597 437 667 ordinis.
460 593 498 659 ad
516 559 671 658 loannem
694 609 733 657 ex
748 591 841 656 Curia
865 591 1061 668 (Utenhovep
1080 608 1191 658 sacrae
1213 592 1396 674 theologiae

210 709 214 718 ’
308 694 519 767 licentiatum
534 710 552 758 e
568 700 726 756 conventu
742 690 904 755 Gandensi
918 691 1170 767 Dominioanum‚
1187 691 1398 756 Hollandicae

308 791 569 875 congregationis
591 789 746 854 vicarium
773 789 971 866 generalem
996 791 1048 854 cui
1075 791 1241 871 hocopus
1267 791 1349 855 salso
1375 805 1395 853 a

307 892 499 972 quibusdam
522 889 727 954 adscribitur.
745 889 925 952 tldscrvant
944 887 1074 952 Lovanii
1098 889 1262 970 regulares
1286 889 1394 953 Marti-

306 991 403 1065 niani,
429 999 511 1055 teste
533 989 658 1052 Valerio
681 987 807 1051 Andrea
833 987 971 1069 (exstitit,
997 988 1108 1052 scribit
1130 988 1300 1069 Foppensl.
1322 988 1391 1052 Hoc

305 1089 390 1154 libro
413 1088 575 1152 inducitur
604 1103 695 1150 sacra
720 1085 834 1166 religio
859 1086 1074 1150 miserabilem
1100 1096 1280 1150 ascetarum
1311 1103 1392 1167 quo-

306 1188 451 1253 rumdam
474 1188 599 1267 lapsum
619 1185 793 1266 deplorans
811 1201 850 1248 cx
866 1201 1004 1264 persona
1021 1183 1179 1250 Jeremiae
1204 1187 1391 1265 prophetae,

306 1287 422 1368 aptatis
444 1287 476 1349 in
493 1286 578 1350 hunc
594 1285 690 1348 finem
713 1284 829 1364 primo,
847 1283 991 1347 secundo
1013 1293 1045 1348 et
1060 1293 1173 1365 quarto
1189 1284 1391 1349 Threnorum

306 1385 497 1467 alphabetis.

348 1501 378 1564 6.
404 1501 551 1580 Quaestio
569 1523 579 1560 .·
594 1517 635 1561 an
654 1497 815 1580 praelatus
837 1515 905 1560 cam
927 1498 1078 1578 religiosis
1098 1499 1192 1579 possit
1215 1499 1396 1580 dispensare

304 1601 416 1674 iobis,
444 1619 523 1682 puae
548 1605 731 1663 concernunt
755 1597 975 1660 observantiam
999 1597 1181 1678 recolerem.
1207 1597 1336 1677 Legitur
1357 1596 1393 1659 in

307 1699 456 1763 Parcensi
479 1697 637 1763 coenobio
656 1696 738 1776 apud
756 1695 930 1760 Lovaninm
954 1705 985 1760 et
1007 1697 1040 1758 in
1057 1697 1165 1760 viride
1180 1698 1268 1761 Valle
1291 1711 1393 1776 prope

310 1798 483 1871 bruxellas,
515 1805 597 1861 teste
624 1789 786 1860 Bunderio
814 1798 862 1872 lex
885 1795 988 1876 Belgio
1013 1796 1207 1858 dominicano
1236 1794 1391 1859 Bernardi

305 1897 352 1961 De
366 1896 489 1977 leoghe
512 1904 543 1960 et
568 1894 655 1958 urbis
679 1893 907 1974 compotibus.)
924 1917 941 1952 o
965 1895 1260 1970 transumptum
1283 1894 1392 1957 acade-

305 1999 377 2060 mici
392 1996 602 2076 manusoripti‚
622 1995 647 2068 l,
665 2011 696 2074 p.
714 1993 765 2056 35.

347 2176 487 2257 Septimo
513 2175 586 2238 idus
614 2174 716 2237 martii
741 2191 823 2237 anno
852 2175 943 2250 1480,
970 2174 1050 2239 οο111
1076 2176 1274 2240 reverendus
1301 2184 1392 2256 pater

306 2277 460 2357 magister
481 2274 628 2339 Nicotaus
644 2273 787 2354 Offhupa
806 2291 916 2338 sacrae
941 2275 1122 2355 theologiae
1143 2274 1269 2350 [doctor
1292 2273 1392 2338 bova-

305 2375 440 2452 niensis]
463 2385 495 2440 et
519 2374 685 2455 professor
711 2373 872 2454 egregius,
905 2373 1063 2453 hujusque
1088 2381 1267 2438 conventus
1290 2373 1390 2452 prior.

306 2476 461 2548 Moenum,
479 2473 502 2547 1,
521 2489 551 2553 p.
570 2473 642 2535 841.

347 2596 361 2633 a
379 2573 532 2637 Nicotaus
549 2569 603 2635 Off
605 2573 698 2652 huyS,
712 2571 752 2635 de
768 2570 929 2644 Bruxells,
944 2588 983 2635 ex
998 2571 1112 2635 ordine
1129 2571 1389 2635 Praedicatorum

304 2683 336 2738 et
350 2679 509 2737 conventu
527 2669 731 2743 Lovaniensi,
745 2686 839 2750 quem
856 2669 1028 2750 aliquando
1045 2669 1134 2749 prior
1151 2669 1242 2743 rexit,
1260 2671 1299 2732 ad
1315 2686 1391 2734 con-

304 2771 413 2836 cilium
441 2768 663 2834 Universitatis
689 2768 842 2848 recipitur
867 2767 903 2830 31
934 2767 1008 2830 maii
1034 2767 1127 2830 1454.
1155 2767 1289 2832 Moritur
1313 2785 1392 2833 vero

306 2874 444 2949 septimo
466 2869 540 2932 idus
563 2867 668 2930 martii
689 2866 780 2930 1480.
806 2867 864 2934 llic
889 2866 972 2931 forte
997 2876 1047 2931 est
1069 2866 1124 2931 ille
1148 2868 1390 2943 dominicanus,

306 2968 372 3048 qui,
402 2967 530 3032 nomine
556 2982 620 3030 non
647 2966 800 3042 indicato,
828 2965 945 3046 legitur
968 2966 1001 3028 in
1030 2966 1120 3030 Actis
1142 2967 1252 3046 oppidi
1279 2983 1392 3032 sacrae

305 3066 486 3146 theologiae
515 3065 630 3130 doctor
663 3074 791 3130 oreatus
826 3063 867 3127 86
896 3065 1080 3130 novembris
1111 3065 1203 3140 1488,
1221 3075 1252 3131 et
1282 3066 1322 3130 ab
1351 3083 1390 3131 co

304 3166 454 3230 donatus.
464 3165 510 3227 Ex
521 3163 609 3228 neris
622 3163 741 3228 urbicis
753 3163 904 3229 Nicolaus
916 3161 1052 3244 Offhuys
1065 3163 1174 3228 habuit
1186 3165 1389 3242 concionem,

304 3263 497 3345 stipendium
524 3263 620 3326 dante
646 3262 735 3337 urbe,
757 3263 796 3326 ad
821 3263 1063 3343 processionem
1091 3283 1149 3345 pro
1173 3282 1252 3346 pace
1280 3281 1390 3329 mense

304 3363 386 3427 maio
401 3361 433 3424 in
447 3361 509 3424 diri
524 3360 609 3424 Petri
622 3377 706 3424 anno
720 3361 812 3432 tata.
822 3372 854 3426 et
865 3361 905 3424 04
915 3361 1052 3443 januarii
1066 3365 1145 3426 titt
1157 3368 1252 3443 (nuno
1265 3363 1384 3440 litlot.»

303 3461 348 3525 lta
370 3461 499 3530 Pnouar.
517 3461 608 3524 Facti
629 3460 795 3523 academici
815 3463 1027 3542 manuscripti,
1045 3462 1070 3536 1,
1095 3480 1126 3543 p.
1146 3461 1197 3526 38.
1223 3462 1390 3528 Postrema

302 3559 400 3625 verba
418 3581 426 3623 ι
442 3577 525 3622 nano
547 3557 639 3632 1470,
654 3558 761 3638 potius
783 3560 933 3624 mutanda
955 3559 1061 3625 torem
1083 3561 1115 3624 in
1134 3583 1141 3623 :
1160 3576 1245 3626 nunc
1270 3559 1314 3638 (id
1340 3569 1392 3626 est

304 3659 387 3740 stylo
405 3660 498 3735 novo)
515 3655 607 3720 1478.

318 3837 320 3842 ’
343 3839 428 3905 Obiit
450 3839 482 3904 in
509 3839 561 3906 die
584 3839 762 3904 animarum
788 3855 873 3906 anno
898 3841 990 3917 1804,
1017 3841 1215 3906 reverendus
1238 3840 1392 3921 magister

302 3948 413 4006 noster
428 3939 582 4004 henricus
606 3940 644 4002 de
663 3937 843 4014 Wesemale‚
860 3941 1022 4021 quondam
1047 3949 1225 4005 conventus
1240 3939 1391 4020 Argenti·

293 4038 415 4126 *nensis
431 4039 532 4119 prior,
550 4047 662 4118 postea
678 4037 774 4119 huius
788 4048 970 4104 conventus
987 4040 1076 4121 prior
1090 4055 1127 4104 ac
1142 4055 1270 4121 regens.
1285 4048 1317 4103 et
1332 4055 1392 4120 per

303 4153 406 4203 annos
423 4137 461 4201 14
473 4137 657 4218 provinciae
672 4136 865 4204 Teutonicae
879 4137 1019 4204 vicarius
1031 4138 1203 4222 generalis.
1215 4137 1392 4203 creabatur
