3222 4950
739 434 784 454 .—
805 397 866 461 ttt
887 433 929 444 -

327 585 441 638 Eetratt
454 587 493 635 titt
506 591 622 648 rapport
636 598 688 635 sur
701 582 776 635 l’e'tot
789 587 836 635 des
849 586 961 648 eolldpcs
973 588 1007 636 de
1020 583 1199 638 t'Unioerst'te'
1208 601 1242 638 en
1259 583 1339 642 1589,

621 737 849 817 Paedopopinm
864 709 1053 802 Stondoaelt.

328 911 345 945 a
368 885 544 967 Collegium
568 886 629 949 lvoe
655 885 685 946 in
710 883 825 948 ellectu
851 885 967 964 duplex
991 895 1052 959 cst,
1077 895 1108 949 et
1131 885 1260 951 nomine
1282 886 1379 952 Stans

285 985 389 1051 douclt
417 995 586 1065 utrumque
614 983 804 1058 intitulatur,
833 999 849 1045 a
877 983 1005 1047 nomine
1033 984 1201 1066 utriusque
1228 985 1376 1052 authoris

285 1084 406 1166 domini
432 1094 465 1148 et
487 1083 790 1170 magistelloanuis
818 1083 1013 1158 Staudonelt,
1039 1083 1092 1164 qui
1115 1084 1147 1146 in
1163 1101 1248 1148 anno
1273 1085 1373 1151 mille·

284 1184 366 1248 simo
389 1181 658 1263 quirrgentesimn
683 1183 877 1260 comparatis
899 1181 1050 1245 domibus
1075 1177 1219 1261 pluribus
1243 1183 1273 1246 in
1298 1185 1371 1249 vieo

289 1271 400 1355 Vttttet,
418 1279 584 1346 constituit
611 1281 713 1358 primo
738 1279 956 1358 principaliter
981 1280 1152 1360 collegium
1182 1297 1369 1360 pauperum,

286 1383 369 1462 quod
394 1381 579 1460 specialiter
603 1389 736 1443 vocatur
758 1377 943 1450 standand,
964 1397 1021 1458 pro
1050 1396 1136 1445 tuere
1163 1381 1370 1461 pauperibus,

285 1487 379 1562 quos,
398 1497 438 1544 ne
454 1481 486 1542 in
502 1479 579 1543 illud
597 1478 730 1542 ditiores
747 1478 937 1557 irreperent,
955 1479 1056 1543 voluit
1079 1480 1258 1544 cucullatos
1285 1481 1371 1546 inee-

285 1581 361 1644 dere
391 1580 423 1642 in
453 1578 552 1658 guisia
581 1587 682 1648 veste,
709 1586 739 1641 et
766 1578 905 1642 tenuiter
930 1577 1059 1640 tractari
1082 1578 1114 1639 in
1137 1577 1329 1643 abstinentia
1355 1596 1379 1643 e

284 1678 448 1742 erunibus,
925 1734 928 1738 ,

325 1777 364 1840 lit
392 1776 521 1858 quidem
550 1775 590 1838 ab
619 1773 709 1838 initio
739 1774 861 1838 incerto
894 1775 1064 1840 admodum
1096 1791 1243 1852 numero,
1275 1786 1369 1855 prout

284 1877 433 1941 landatur
455 1892 494 1939 ex
516 1873 732 1953 eleemosynis
751 1875 876 1953 {tiorum
893 1875 1035 1938 virorum
1051 1875 1223 1938 corradere
1250 1875 1368 1954 potuit;

286 1991 368 2056 quae
390 1990 503 2038 omues
526 1973 557 2035 in
576 1989 673 2036 unum
697 1972 860 2053 covvjectac
882 1972 1083 2036 destivmvttur
1105 1974 1142 2035 ad
1167 1989 1374 2037 communem·

284 2083 331 2138 tot
359 2072 578 2136 studiosorum
613 2088 787 2151 pauperum
818 2071 1091 2146 interventionem,
1123 2089 1217 2150 quam
1248 2072 1378 2137 reditus

284 2171 465 2252 hujusmodi
489 2171 710 2235 fundationum
737 2181 901 2250 praestare
931 2181 1082 2249 possant;
1109 2180 1140 2234 et
1167 2171 1365 2252 sicquidem

283 2280 317 2334 ut
339 2286 433 2334 nemo
456 2270 638 2350 hujusmodi
665 2287 839 2349 pauperum
863 2269 987 2333 ratione
1005 2269 1098 2332 etiam
1122 2270 1262 2350 cujusvis
1284 2270 1366 2333 eari-

282 2369 356 2433 tntis
371 2368 588 2448 superaddere
604 2368 728 2433 debeat.
747 2367 838 2432 Unde
862 2384 925 2431 uon
943 2379 992 2431 cst
1016 2367 1235 2432 bursariotum
1259 2381 1367 2434 certus

281 2478 313 2532 et
336 2467 504 2532 uniformis
520 2483 672 2530 uumerus
691 2489 698 2528 :
723 2467 882 2530 interdum
899 2467 1009 2547 viginti
1035 2467 1188 2547 quinque,
1207 2468 1366 2532 interdum

280 2567 443 2647 aliquanto
460 2566 581 2644 plures,
599 2565 758 2629 interdum
776 2565 868 2627 etiam
888 2565 1068 2645 pauciores.

320 2665 355 2728 ln
370 2664 527 2746 principio
543 2665 619 2728 dicti
637 2664 709 2727 antri
730 2665 901 2740 [millesimi
919 2664 1179 2744 multigentesimil
1197 2675 1366 2746 septuage-
1422 2655 1424 2658 ’

280 2765 352 2828 simi
368 2763 472 2828 octavi
484 2773 576 2828 erant
593 2779 750 2842 pauperes
765 2763 901 2826 studiosi
915 2762 1039 2842 viginti,
1058 2763 1111 2843 oui
1125 2775 1256 2843 propter
1269 2779 1374 2843 saepe·

275 2865 340 2944 jam
367 2863 469 2928 dictas
495 2863 762 2942 supervenientes
785 2879 912 2938 causas,
936 2875 968 2926 et
995 2863 1184 2942 pracsertim
1209 2864 1374 2927 militares

279 2963 515 3044 hospitationes
544 2973 576 3026 et
604 2961 809 3025 difficultates
848 2961 1020 3025 solutionis
1050 2963 1222 3038 redituum,
1252 2979 1365 3026 omnes

278 3061 392 3125 dimitti
425 3061 616 3135 debuerunt,
649 3079 708 3124 uec
738 3061 860 3124 interea
891 3061 996 3124 adltuc
1025 3061 1149 3124 restitui
1181 3071 1362 3140 potuerunt,

277 3162 411 3226 retentis
427 3162 590 3225 dumtaxat
606 3159 744 3233 duobus,
762 3160 864 3222 altero
880 3161 918 3221 ad
938 3176 1032 3222 utinm
1050 3160 1189 3233 circiter,
1208 3162 1309 3224 altero
1325 3161 1364 3224 ad

276 3260 519 3340 sesquiannum,
536 3260 608 3338 ipso
632 3268 763 3338 vegente
787 3259 914 3322 vivente
939 3259 1090 3338 curtensis
1112 3259 1239 3339 collegii
1264 3277 1371 3340 vesanev

275 3360 315 3422 ad
341 3375 459 3421 annum
488 3357 760 3438 septuagesimum
788 3365 955 3429 octavnm;
984 3373 1000 3418 a
1025 3374 1088 3437 quo
1116 3358 1253 3422 diesne
1280 3359 1364 3422 ultro

277 3457 355 3520 vixit
369 3466 400 3520 et
418 3457 525 3520 vivete
542 3456 659 3535 coepit.
1343 3462 1347 3472 ⁴

319 3556 389 3630 Quo
412 3567 556 3636 tempore
578 3555 655 3618 dicti
680 3553 806 3629 collegii
831 3553 1021 3634 praesidens
1043 3563 1123 3628 erat,
1144 3564 1175 3618 et
1197 3555 1302 3618 adhue
1324 3553 1365 3618 de
1467 3599 1471 3608 ·

208 3639 210 3644 ’
277 3654 437 3734 praesenti
450 3663 500 3718 est
515 3653 666 3717 dominus
684 3663 714 3717 et
731 3655 885 3733 magister
900 3652 1037 3726 Clarius,
1055 3669 1167 3717 sacrae
1185 3652 1364 3733 theologiae

277 3753 841 3828 tuur.licentiatu5,11uttedoctor,
869 3752 922 3832 qui
953 3752 983 3814 in
1012 3753 1098 3816 dicto
1127 3753 1263 3833 collegio
1293 3768 1365 3832 per-

276 3852 455 3916 severando
480 3863 512 3917 et
530 3847 638 3932 gravia
662 3868 760 3915 ultera
787 3851 934 3913 militaria
961 3861 992 3915 et
1018 3850 1151 3931 injurias
1173 3851 1363 3915 sustinendo

275 3950 445 4031 collegium
461 3967 478 4013 a
496 3951 584 4015 totali
603 3951 695 4014 ruina
713 3951 941 4030 praeservavit.

277 4085 281 4098 ·
316 4047 660 4130 &nihilominusque
678 4049 778 4128 potuit
790 4049 953 4128 diligentia
970 4057 1001 4111 et
1016 4047 1234 4121 industriaex
1251 4063 1363 4126 recep-

276 4147 364 4212 tione
381 4147 559 4229 aliquorum
575 4149 803 4228 arriragiorum
820 4147 964 4211 aedilicia
981 4147 1108 4228 collegii
1121 4148 1292 4212 admodum
1308 4161 1368 4209 ve«
