3232 4940
744 431 922 496 ..504-

327 616 418 680 hano
443 613 533 689 1699,
552 628 683 692 praeses
706 613 809 680 lactus
828 623 878 679 est
900 614 1028 696 collegii
1046 615 1267 690 betuniensis,
1284 615 1371 695 quod

285 723 358 780 octo
388 713 481 778 annis
510 712 646 793 integris
674 713 766 778 rexit.
797 717 866 788 Quo
897 721 1041 794 tempora
1074 714 1197 792 elapso,
1235 721 1372 780 exeunte

285 829 370 880 anno
385 813 476 888 lidi,
495 812 566 892 ipso
582 823 725 893 rogante,
744 812 880 894 collegio
897 812 972 877 hoio
988 813 1168 894 praefectus
1190 821 1240 878 est
1257 813 1370 878 Petrus

286 912 398 994 supsm
431 910 571 992 perrexit
598 927 676 976 vero
709 910 827 974 ibidem
857 910 1050 992 theologiam
1086 912 1215 988 docere,
1247 912 1370 976 electus

284 1011 372 1076 hreni
396 1009 656 1092 congregationis
677 1011 835 1074 assistens
858 1019 890 1076 at
912 1011 1056 1076 abbatiae
1078 1011 1369 1092 Gortenhergensis

283 1109 503 1176 contessarius
515 1108 799 1174 extraordinarius.
812 1105 909 1174 Paulo
923 1109 1042 1190 post,in
1057 1109 1212 1190 proximis
1226 1108 1366 1173 comitiis

281 1208 497 1290 generalibus,
521 1207 643 1274 electus
666 1207 725 1271 luit
749 1207 1172 1289 congregationis-Belgicae
1199 1208 1268 1272 sive
1291 1224 1366 1288 pro·

281 1306 404 1372 vinciae
430 1306 727 1385 archiepiscopatus
755 1306 1006 1380 mechliniensis,
1036 1307 1248 1388 praepositus.
1278 1305 1365 1381 Quae

280 1415 385 1470 autam
402 1406 503 1486 egerit
526 1406 555 1468 in
577 1406 637 1468 hac
651 1405 901 1486 congregatione
916 1405 1052 1485 ipsemet
1073 1406 1168 1469 latius
1191 1404 1365 1486 descripsit

281 1503 312 1567 in
330 1521 389 1568 suo
406 1504 556 1569 Chronico
572 1505 699 1567 orctma'i
716 1505 837 1566 Domini
851 1505 936 1576 iesu,
951 1523 1002 1585 pp.
1021 1503 1092 1583 139,
1108 1503 1166 1568 llll
1182 1513 1213 1570 et
1229 1505 1362 1586 passim.

282 1603 412 1667 Domum
425 1603 463 1665 ah
476 1600 623 1666 Oratorio
636 1603 787 1666 discessit
799 1603 883 1666 circa
893 1603 1009 1668 festum
1023 1604 1173 1684 paschale
1185 1604 1259 1667 anni
1274 1604 1362 1666 1719.

279 1701 362 1767 Obiit
378 1719 462 1766 anuto
480 1701 569 1763 1716.

318 1800 366 1863 hd
383 1799 518 1882 effigiem
534 1799 614 1863 Petri
628 1799 755 1864 Smertii
770 1801 849 1865 haec
865 1801 1029 1882 legebatur
1040 1801 1229 1884 inscriptio:
1249 1801 1365 1865 Pennus

279 1897 322 1962 [is
346 1901 450 1964 Swsnr
477 1898 636 1962 Wasrarus
655 1897 661 1982 Ι
681 1917 737 1961 aaa
764 1917 850 1963 rnov.
872 1917 1036 1964 recursans.
1063 1900 1178 1964 liccat.
1199 1900 1261 1981 1111
1284 1917 1363 1964 rna·

276 1997 645 2062 commonuerunt.
666 2000 671 2076 Ι
690 2001 722 2060 S.
740 1998 774 2062 Τ.
793 1999 880 2063 Lscr.
894 2017 1117 2062 canuuocanna.
1136 2017 1197 2062 sus
1212 2017 1315 2062 coeca.
1338 1999 1344 2082 Ι

277 2097 374 2160 Nanos
390 2115 447 2160 cm.
466 2115 521 2160 roc.
540 2115 604 2158 cxvi
624 2099 629 2178 1
651 2099 788 2162 Denaros
803 2117 860 2162 cro.
878 2115 953 2162 racc.
971 2115 1051 2162 xcvi.

274 2293 314 2358 Le
331 2293 405 2367 Ror,
422 2296 537 2358 Notitia
558 2294 789 2359 marchionatus
810 2296 845 2361 S.
866 2297 901 2361 li.
921 2297 1057 2376 imperii,
1077 2311 1106 2375 p.
1132 2294 1218 2369 916,
1237 2295 1287 2358 uhi
1313 2295 1356 2358 de

272 2395 416 2459 dominio
433 2393 611 2458 Waerloos.

310 2558 423 2622 xxht.
450 2557 566 2622 Pennus
581 2559 690 2634 Bursa,
704 2577 743 2624 ex
758 2560 875 2624 Sancto
891 2561 1033 2624 amando
1049 2561 1088 2624 ad
1101 2559 1251 2632 Scaldim,
1265 2573 1350 2622 antro

269 2658 350 2722 1693
362 2659 640 2739 congregationem
653 2657 790 2723 Oratorii
808 2659 986 2740 ingressus.
1000 2659 1182 2724 sacerdotio
1194 2657 1349 2730 initiatus,

270 2773 325 2836 per
349 2773 468 2836 paucos
488 2771 615 2820 menses
639 2755 781 2821 fidelium
804 2757 1025 2822 consessiones
1050 2758 1185 2836 excepit,
1202 2765 1245 2833 et,
1264 2771 1354 2836 prae·

268 2855 339 2920 side
362 2855 455 2919 Petro
480 2855 522 2919 [le
543 2853 657 2928 Swert
671 2855 828 2936 Juventuti
852 2857 1111 2938 congregationis
1135 2853 1351 2918 instituendae

269 2953 389 3018 utiliter
405 2953 550 3032 proeluit.
570 2953 788 3034 praepropere
811 2955 979 3036 acollegio
997 2953 1186 3018 lovaniensi
1210 2952 1352 3024 avulsus.

267 3052 370 3116 iactus
394 3061 444 3115 est
466 3052 647 3132 vicepastor
671 3052 848 3128 Ostendae;
873 3061 968 3134 atque
990 3053 1064 3116 iude
1090 3067 1166 3116 cura
1188 3060 1220 3116 et
1242 3050 1351 3115 studio

266 3151 351 3217 Petri
370 3151 413 3215 lle
425 3151 529 3214 Swert
545 3146 897 3224 constitutus.exeunte
913 3169 996 3216 anno
1010 3151 1101 3226 tilii,
1113 3149 1207 3232 hujus
1223 3149 1352 3230 collegii

263 3251 476 3316 lovaniensis
493 3265 637 3330 praeses,
655 3267 692 3314 ac
707 3252 823 3317 deinde
838 3252 1097 3333 congregationis
1113 3251 1283 3314 assistens.
1301 3248 1349 3311 Ad

265 3347 359 3413 tinem
397 3348 542 3412 sexennii
582 3349 827 3428 praesidentiae,
861 3365 980 3414 vacans
1020 3359 1203 3430 pastoratus
1243 3347 1346 3410 sancti
1383 3405 1387 3413 .

263 3448 387 3512 Nicolai
413 3447 553 3519 wasme,
577 3447 669 3528 cujus
696 3451 912 3528 praesentatio
938 3451 977 3514 ad
1000 3450 1104 3514 solum
1128 3447 1347 3528 praepositum

264 3546 426 3610 domiuum
454 3547 580 3610 Petrum
603 3545 648 3610 De
664 3549 769 3611 Swert
792 3548 968 3628 spectabat,
986 3549 1090 3612 eidem
1113 3547 1251 3611 collatus
1274 3544 1345 3608 luit.

265 3645 436 3724 Depositus
467 3654 578 3724 postea
601 3645 633 3708 in
657 3647 906 3727 congregatione
932 3648 971 3710 ah
994 3645 1177 3710 assistentis
1202 3659 1346 3714 mucore,

263 3759 356 3824 quam
374 3761 441 3808 rem
457 3761 551 3824 aegre
567 3745 651 3818 tulit,
668 3745 775 3826 coepit
789 3763 807 3810 a
824 3747 970 3810 familiari
994 3743 1232 3810 necessitudine
1248 3744 1345 3807 hene-

261 3844 391 3908 lactoris
418 3843 468 3906 sui
494 3843 615 3907 domini
638 3845 685 3908 lla
708 3845 812 3910 Swert
834 3849 937 3927 (quem
964 3845 1086 3910 sciehat
1108 3861 1191 3908 novo
1215 3842 1350 3906 hlechli-

262 3942 663 4024 alensemarchiepiscopo
675 3945 1022 4026 ThomaePhilippode
1034 3943 1154 4008 alsatia
1166 3943 1206 4006 de
1219 3942 1346 4006 Boussu

260 4041 300 4104 oh
323 4041 575 4122 propensionem
590 4041 660 4123 ejus
684 4043 714 4106 in
729 4043 964 4124 jansauismum
987 4059 1060 4108 esse
1077 4043 1224 4118 invisum)
1247 4039 1350 4104 absti-

261 4155 349 4212 uere,
366 4147 399 4204 et
415 4140 446 4202 in
463 4140 606 4204 intimam
622 4141 794 4206 amicitiam
809 4143 920 4223 optimi
938 4142 1027 4208 senis
1042 4140 1164 4222 hagidii
1181 4139 1226 4204 lle
1241 4138 1341 4214 Smet,
