3236 4952
720 483 759 492 -
783 445 842 510 aaa
863 482 901 492 --

266 633 374 689 rector
388 633 421 689 et
434 625 576 705 deputati
592 625 746 690 ordinarii
769 643 849 690 cum
859 626 981 706 aliquot
995 625 1183 705 assumptis,
1201 639 1274 688 cunr
1288 640 1354 704 >per

267 723 357 806 prius
373 724 453 805 ipsis
481 735 645 803 porrectas
661 725 860 792 audivissent
882 735 913 789 et
929 725 1095 806 legissent,
1112 724 1151 787 ad
1168 725 1351 788 facultatem

267 821 382 889 artium
399 823 647 901 r·emiserant.!ln
662 843 723 905 qua
737 825 865 905 quidem
880 825 1088 904 deputatione
1103 834 1234 888 vocatus
1247 823 1361 915 (lictus¹

267 921 419 1002 magister
438 922 629 988 franciscus
647 925 827 1004 comparuit
849 941 922 988 cunr
936 923 1089 1005 magistro
1101 923 1242 986 Adriano
1259 929 1353 1010 Arne?

266 1021 361 1094 rotio,
380 1037 473 1101 quem
488 1023 618 1103 proprio
632 1032 717 1087 motu
731 1023 905 1087 adduxerat
918 1023 1111 1087 franciscus
1124 1032 1156 1086 et
1168 1021 1353 1106 supplican7

266 1125 330 1183 tem
347 1136 457 1184 secum
487 1121 685 1201 adjunxerat.
703 1121 751 1193 Et,
771 1132 939 1204 postquam
962 1121 1175 1185 vicedecanus
1198 1137 1256 1201 pro
1279 1130 1356 1192 tunc

268 1218 418 1283 dominus
435 1219 661 1296 scholasticus
676 1238 713 1286 ac
729 1223 883 1302 deputati,
898 1221 1066 1301 prehabito
1082 1227 1156 1284 ante
1172 1223 1353 1301 ingressum

268 1333 379 1383 eorum
397 1318 480 1382 inter
495 1336 531 1384 se
547 1320 721 1402 colloquio,
739 1330 770 1386 et
786 1321 957 1385 francisco
978 1329 1253 1386 remonstrassent
1265 1317 1354 1399 jura-

268 1426 410 1484 mentum
427 1417 459 1482 in
475 1436 533 1482 sua
549 1419 676 1484 licentia
692 1420 831 1484 facultati
850 1419 1030 1500 prestitum,
1044 1418 1095 1482 cui
1112 1417 1355 1484 contravenisse

267 1515 447 1593 videbatur,
477 1520 611 1583 manime
640 1519 671 1582 in
699 1536 757 1584 sua
788 1519 899 1600 majori
929 1518 1176 1598 supplicatione,
1203 1533 1242 1581 cc
1268 1513 1353 1595 quod

267 1613 386 1679 ibidem
404 1617 634 1697 prejudicialia,
648 1619 801 1683 damnosa
819 1618 959 1682 facultati
974 1627 1006 1681 et
1022 1619 1061 1681 ad
1078 1616 1270 1681 seditionem
1287 1624 1353 1678 ten-

268 1711 375 1777 dentia
392 1716 621 1792 narrabantur;
639 1717 755 1781 deinde
771 1717 865 1782 etiam
882 1716 967 1798 quia,
986 1716 1173 1796 priusquam
1196 1713 1235 1777 ad
1251 1711 1354 1776 facul-

268 1817 364 1876 tatem
380 1815 514 1889 veniret,
532 1815 682 1879 deminus
702 1817 741 1880 de
757 1815 876 1896 oppido
894 1815 946 1879 illa
963 1829 1020 1878 sua
1040 1813 1196 1893 injuriosa
1212 1807 1351 1876 facultati

268 1913 504 1990 supplicatione
520 1915 757 1987 informaverat,
774 1915 839 1980 imo
851 1915 946 1978 etiam
962 1920 1121 1978 rectorem
1136 1921 1168 1976 et
1184 1911 1354 1991 deputatos

267 2009 492 2076 Universitatis
508 2024 651 2078 moverat
673 2022 785 2077 contra
801 2014 946 2078 ordinem
970 2030 1007 2077 ac
1022 2010 1268 2092 dispositionem
1291 2016 1355 2072 sla·

268 2115 410 2174 tutorum
427 2111 569 2192 ejusdem
593 2113 751 2176 facultatis
768 2112 869 2193 (citius
886 2113 1033 2194 pudenda
1049 2127 1158 2175 coram
1181 2109 1253 2173 aliis
1269 2109 1358 2174 velut

268 2208 488 2274 inobedientia
510 2211 598 2275 filius
618 2211 837 2288 revelaverat),
856 2211 986 2276 taudem
1002 2210 1110 2275 multis
1132 2209 1241 2274 verbis
1257 2223 1355 2287 expo-

270 2309 442 2373 stulatione
454 2325 491 2374 ac
504 2309 693 2392 longissima
703 2311 996 2376 communicatione
1008 2311 1270 2389 interdeputatos
1283 2318 1355 2370 cum

269 2405 357 2472 dicto
385 2391 537 2490 magistro
560 2409 733 2474 francisco
757 2409 841 2474 ultro
856 2410 1002 2490 citroque
1026 2409 1153 2482 liabitis,
1175 2405 1258 2488 jussi
1282 2413 1357 2469 sunt

270 2505 345 2570 dicti
363 2507 581 2587 supplicantes
597 2525 671 2573 sese
687 2508 863 2573 retrahere.
879 2507 947 2580 Quo
964 2508 1059 2582 facto,
1074 2506 1229 2587 deputati,
1248 2503 1356 2585 previa

271 2603 394 2694 matura
410 2623 447 2670 ac
464 2607 611 2686 prudenti
631 2607 772 2687 desuper
794 2607 899 2672 habita
915 2606 1157 2679 deliberatione,
1173 2603 1358 2685 judicarunt

271 2705 413 2768 unanimi
436 2705 502 2772 fere
527 2723 690 2772 consensu
717 2706 1007 2786 supplicationibus
1034 2705 1103 2786 ejus
1127 2704 1174 2768 sic
1198 2701 1359 2782 porrectis

271 2820 336 2868 uon
362 2821 437 2869 esse
466 2805 745 2886 respondendam:
778 2807 821 2878 id,
853 2805 951 2886 quod,
979 2803 1018 2868 iis
1048 2802 1220 2872 revocatis,
1251 2800 1356 2865 eidem

271 2903 425 2980 magistro
447 2903 621 2968 Francisco
644 2904 857 2969 vicedecanus
882 2905 912 2966 in
932 2903 1093 2983 presentia
1116 2903 1260 2965 omnium
1284 2893 1358 2962 verss

271 3001 386 3066 baliter
401 3004 522 3078 retulit,
542 3005 668 3069 nemine
683 3004 907 3084 deputatorum
931 3003 1136 3066 reclamante.
1154 3005 1246 3073 Auru,
1275 2977 1360 3103 mli

274 3101 328 3164 fol.
347 3101 386 3164 85
403 3113 431 3164 r⁰
448 3112 479 3166 et
495 3116 539 3165 νο.

316 3271 329 3308 n
351 3251 406 3312 llic
418 3249 569 3323 subbullit,
586 3253 643 3327 xxj
657 3253 771 3314 mensis
780 3250 922 3330 junuarii
939 3248 1058 3312 tota...
1076 3247 1203 3310 Domini
1218 3244 1361 3324 deputati

272 3346 433 3415 nouitatis
448 3351 563 3413 artium
580 3351 721 3414 corisulti
738 3353 778 3413 de
794 3349 1007 3414 conclusione
1029 3346 1233 3410 dominorum
1258 3345 1359 3424 depu-

273 3455 410 3512 tatorum
424 3448 455 3510 in
470 3463 585 3528 magno
599 3465 732 3512 numero
745 3457 1027 3528 congregatorum,
1039 3457 1290 3508 convocatorum
1303 3459 1361 3522 per

273 3547 477 3627 magnificum
494 3547 657 3610 dominum
682 3557 854 3619 rectorem,
872 3555 963 3625 capta
986 3545 1038 3608 die
1057 3543 1142 3624 j0vis
1165 3541 1221 3621 xii,
1238 3539 1360 3604 mensis

270 3641 407 3724 januarii
431 3662 515 3708 anno
540 3643 581 3706 lix
605 3647 708 3724 quoad
732 3643 1001 3724 supplicationem
1029 3641 1174 3720 magistri
1199 3637 1361 3702 francisci

274 3741 465 3818 Nieuvvlant,
479 3743 571 3824 cujus
589 3755 679 3807 tenor
695 3745 842 3824 sequitur
859 3760 867 3804 :
886 3763 899 3800 n
920 3741 1005 3805 dicto
1022 3740 1174 3820 magistro
1190 3737 1361 3801 Franciscc

275 3843 490 3906 »Nieuwlant
519 3842 763 3922 permittendam
798 3858 871 3905 esse
901 3841 1059 3910 scholam,
1091 3839 1124 3900 in
1154 3855 1215 3918 qua
1247 3829 1363 3900 doceat

279 3942 547 4022 »grammaticam
576 3942 741 4021 usquead
769 3941 904 4022 logicam
935 3939 1116 4013 exclusive;
1144 3953 1207 4017 que
1233 3931 1361 4016 quidem

280 4063 293 4098 n
310 4039 421 4104 schola
437 4039 589 4120 gaudebit
607 4041 782 4121 privilegiis
799 4037 1039 4113 Universitatis,
1054 4036 1229 4099 dummodo
1246 4035 1279 4098 id
1293 4022 1366 4096 fieri

279 4159 293 4198 n
312 4149 417 4218 potest
440 4141 509 4203 sine
535 4139 710 4222 prejudicio
737 4138 896 4204 facultatis
919 4137 1034 4201 artium
1061 4143 1092 4199 et
1115 4133 1236 4198 domini
1264 4134 1362 4196 sebo·

281 4261 294 4298 n
312 4238 414 4302 lastici
438 4239 576 4304 ecclesie
597 4240 766 4322 collegiata
789 4238 890 4303 sancti
909 4235 993 4300 Petri
1013 4233 1223 4300 lovaniensis
1236 4256 1273 4306 »;
1291 4230 1366 4296 res-¹
