3186 4942
702 375 888 440 -ttt-

245 565 367 631 regent,
394 552 568 631 perductus
591 564 691 630 esset,
715 555 771 620 illo
795 563 961 635 spectante
987 563 1020 620 et
1041 562 1193 636 stupente
1217 552 1338 642 imper-

246 648 379 714 territus
399 649 468 731 ipse
492 650 668 717 Romanam
692 653 880 736 religionem
896 653 1068 720 consessus
1090 652 1144 718 sit.
1161 651 1340 718 Excessite

246 745 311 812 vita
335 763 419 814 anno
442 766 474 812 a.
492 767 541 813 na.
559 767 630 814 xxv.
647 750 831 818 liecensere
854 767 919 818 non
942 769 1024 834 opus
1049 759 1099 817 est
1122 767 1189 823 eos,
1207 750 1260 832 qui
1284 759 1340 816 aut

245 844 300 911 bio
315 845 347 909 in
363 845 493 928 Belgica
508 848 652 914 exercita
668 847 826 926 laborant,
845 857 900 915 aut
916 849 947 914 in
965 849 1129 915 Poloniam
1155 848 1231 914 binc
1246 848 1338 916 missi

246 941 397 1008 Hibernis
418 943 463 1010 ibi
480 945 691 1014 militantibus
714 957 791 1014 sunt
808 957 949 1030 praesto.
968 948 1015 1012 llll
1032 965 1120 1019 vero.
1140 948 1194 1031 qui
1217 948 1339 1032 egregii

245 1041 413 1123 religionis
439 1055 697 1127 propugnatores
719 1047 751 1111 in
779 1048 966 1114 carceribus
988 1058 1021 1114 et
1046 1047 1219 1130 ergastulis
1241 1047 1337 1114 vitam

245 1152 434 1221 posuerunt,
452 1161 511 1210 sua
532 1153 635 1211 morte
657 1155 689 1212 et
706 1147 808 1213 lamae
832 1147 1105 1214 immortalitatem
1127 1156 1158 1212 et
1174 1146 1347 1236 felicitatis

246 1239 467 1308 aeternitatem
490 1253 566 1309 sunt
588 1246 757 1312 consecuti
775 1267 782 1310 :
803 1247 934 1311 Thomas
952 1247 1139 1313 Geraldinas
1157 1253 1189 1312 ct
1203 1248 1339 1313 loannes

247 1338 364 1414 Orion,
387 1341 482 1408 ambo
504 1360 649 1409 summae
674 1345 888 1426 eloquentiae,
907 1345 1051 1428 pietatis,
1074 1345 1242 1412 doctrinae
1262 1344 1336 1408 viri.

245 1437 436 1506 claruerunt
451 1442 504 1506 bic
522 1442 666 1524 religiosi
683 1444 754 1520 viri,
771 1445 892 1510 virtute
914 1452 947 1511 ot
962 1444 1110 1510 doctrina
1125 1461 1201 1510 vere
1217 1444 1335 1526 magni.

243 1536 279 1601 ln
301 1538 415 1618 primis
438 1538 683 1606 illustrissimus
707 1543 881 1608 Florentius
906 1544 1051 1618 Goarias,
1070 1543 1339 1624 archiepiscopus

242 1633 446 1714 Tuamensis,
474 1639 567 1721 cujus
594 1641 724 1706 unicum
752 1643 895 1708 studium
918 1643 985 1725 jam
1012 1643 1051 1708 ab
1078 1641 1171 1708 annis
1196 1649 1337 1722 septem-

244 1734 348 1799 decim
371 1745 421 1801 cst
443 1738 546 1804 solius
570 1741 740 1822 Augustini
764 1742 878 1817 lectio;
903 1742 998 1808 docte
1025 1758 1064 1808 ac
1086 1741 1249 1807 subtiliter
1273 1757 1338 1805 non

243 1848 344 1914 pauca
367 1835 420 1900 bic
443 1837 575 1918 scripsit
598 1839 840 1906 illustrissimus
864 1843 954 1922 Hapo
980 1841 1134 1918 catellas,
1159 1839 1338 1919 archiepis-

243 1946 344 2012 copus
370 1934 603 2015 armachanus,
632 1939 716 2003 inter
745 1955 892 2004 summos
922 1938 1019 2020 buius
1045 1939 1116 2004 aevi
1146 1937 1336 2018 theologos;

241 2028 484 2100 illustrissimus
505 2034 636 2099 Thomas
651 2037 843 2120 Flemittpas,
861 2053 901 2102 ex
918 2039 1079 2118 praelecto
1095 2036 1223 2118 collegii
1239 2035 1337 2116 hujus

242 2134 273 2194 et
297 2131 482 2209 prolessore
503 2134 770 2217 archiepiscopus
789 2135 996 2202 [lablinensis
1018 2137 1158 2212 electus;
1182 2151 1332 2202 reveren·

242 2225 398 2295 dissimus
438 2232 562 2298 Boetius
601 2235 742 2316 Hyantas,
779 2234 953 2301 Hldnensis
995 2235 1182 2318 episcopus.
1222 2235 1334 2315 ttagna

242 2343 370 2409 quoque
392 2331 519 2413 collegii
542 2334 704 2414 quondam
728 2334 847 2400 decora
866 2336 1005 2400 Donatus
1019 2337 1170 2402 Mortaeas
1185 2342 1217 2399 et
1229 2335 1334 2398 Hana-

240 2433 369 2492 uentara
381 2431 560 2496 Hossaeas:
578 2432 632 2497 ille
644 2433 768 2513 primus
782 2434 910 2515 collegii
927 2435 1121 2516 praelectus,
1135 2433 1167 2496 ln
1181 2430 1334 2496 Hibernia

241 2525 448 2604 provincialis
472 2529 631 2608 minister,
651 2531 703 2595 bic
719 2531 849 2612 ingenio
873 2531 1120 2606 subtilissimus,
1142 2546 1199 2595 oro
1223 2529 1333 2594 lacun-

241 2620 395 2688 dissimus
411 2647 443 2700 tt;
471 2626 638 2705 (hactenus
665 2629 864 2695 Vernulaeus
889 2631 921 2694 in
943 2631 1113 2695 Academia
1135 2627 1332 2701 tarvannensi,

240 2719 293 2784 ed.
317 2721 362 2784 Ψ
378 2741 408 2804 p.
435 2724 511 2800 ldd;
539 2727 627 2791 addit
654 2743 731 2792 vero
757 2728 823 2792 Van
850 2728 970 2804 Gestel,
998 2731 1140 2794 Historia
1165 2727 1333 2806 arcluepis·

241 2826 365 2901 capatus
379 2823 619 2902 Mecbliniensia,
639 2825 817 2906 l,p.108):
837 2848 851 2886 t
868 2827 967 2892 etalii
984 2827 1112 2908 plurimi
1129 2826 1160 2890 in
1178 2824 1334 2898 missione

242 2917 413 2986 Hiberniae
439 2923 596 3000 illustres,
613 2925 667 3006 aui
694 2941 856 3004 carceres,
875 2935 1044 3004 tormenta,
1068 2925 1253 3008 opprobria,
1271 2941 1331 3005 pro

240 3017 314 3084 fidei
336 3020 471 3086 veritate
494 3025 640 3103 perpessi
664 3033 757 3100 sunt;
782 3043 920 3108 quorum
938 3026 1076 3091 indicem
1101 3035 1210 3091 texere
1234 3023 1329 3088 nimis

239 3117 371 3204 longum
388 3122 469 3188 toret
485 3133 517 3187 et
533 3123 628 3205 buius
645 3141 710 3190 non
726 3136 777 3191 est
792 3127 930 3192 instituti
946 3149 973 3189 tt.

279 3217 335 3296 lis,
352 3236 434 3301 quae
453 3238 550 3304 supra
575 3238 614 3286 ex
630 3225 799 3288 Academia
813 3225 1001 3290 Louanieasi
1024 3241 1107 3289 anno
1124 3223 1204 3287 tuat
1219 3239 1236 3286 a
1253 3221 1331 3286 Ver-

239 3319 355 3384 nulaeo
378 3320 461 3385 edita
486 3322 733 3403 descripsimus,
760 3325 849 3389 addit
870 3325 1070 3389 Christianus
1094 3324 1159 3387 Van
1184 3324 1329 3403 tangan-

237 3415 355 3494 donclr,
370 3421 578 3484 continuator
594 3422 705 3502 operis
716 3423 941 3498 Vernulaeani‚
956 3424 987 3487 ln
1003 3423 1144 3487 editione
1156 3423 1230 3486 antri
1247 3419 1327 3484 1667

237 3517 278 3594 (p.
297 3515 378 3595 l36),
395 3518 435 3582 ad
457 3519 584 3602 collegii
605 3518 700 3601 hujus
723 3530 755 3586 et
776 3523 880 3602 gentis
905 3521 1096 3587 Hibernicae
1119 3520 1327 3602 splendorem

237 3621 270 3678 et
290 3617 629 3693 commendationem:
655 3618 757 3684 «Hoc
772 3637 856 3686 anno
874 3639 906 3684 n.
924 3639 970 3686 nc.
991 3639 1084 3697 txvt.‚
1103 3631 1216 3685 octava
1239 3617 1324 3699 maji,

233 3709 410 3793 jubilaeum
425 3731 544 3781 annum
560 3717 731 3799 collegium
749 3719 934 3785 celebravit.
952 3719 1021 3792 Quo
1036 3721 1152 3801 exiguo
1169 3717 1326 3799 temporis

236 3811 341 3892 spatio
363 3815 535 3894 complevit
557 3825 702 3897 tempora
725 3819 836 3882 multa.
860 3822 960 3884 nsua
982 3819 1067 3884 enirn
1091 3819 1192 3901 printa
1211 3816 1324 3882 lunda·

236 3907 324 3974 tione
338 3911 377 3974 ad
394 3911 480 3978 bunc
495 3924 679 3980 currentem
695 3931 813 3981 annum
830 3919 1057 4000 numeratam
1075 3935 1132 4000 pro
1149 3916 1213 3982 lide
1227 3915 1326 3980 inter·

236 4006 310 4072 lecti
340 4018 427 4085 sunt,
454 4013 720 4096 archiepiscopos
746 4024 825 4092 tres,
853 4017 1026 4099 episcopos
1052 4027 1200 4099 quatuor,
1225 4015 1323 4080 totins

236 4106 360 4172 ordinis
385 4108 571 4176 definitores
597 4114 767 4194 generales
792 4115 888 4194 duos,
912 4116 1128 4196 provinciales
1153 4114 1323 4180 ministros
