3284 4956
670 519 859 594 atille-

219 707 260 778 lis
276 705 447 794 pedagogii
464 709 611 794 Lilii,per
626 709 790 776 dominum
806 707 1140 790 decanumdeputatis
1157 724 1218 773 uua
1235 721 1307 775 cum

219 812 365 894 pluribus
391 812 465 876 aliis
492 811 675 876 senioribus
702 827 739 876 ac
770 808 951 891 praecipuis
982 807 1134 874 membris
1163 805 1307 890 ejusdem

219 911 390 987 facultatis,
404 910 575 992 proposuit
587 910 670 974 idem
684 907 1185 989 domiuusarmenterianusquo
1201 916 1306 988 paeto,

219 1027 289 1076 eum
307 1011 379 1091 ipse
395 1009 545 1092 plurimis
557 1010 621 1091 lam
639 1010 732 1074 annis
744 1008 888 1091 regentia
906 1005 1039 1088 predicti
1055 1005 1222 1089 pedagogii
1239 1005 1309 1070 billi

218 1109 493 1184 administrasset,
517 1117 612 1191 atque
638 1108 782 1190 ciusdem
809 1124 846 1172 ao
872 1105 1032 1172 facultatis
1058 1106 1262 1172 commodum
1278 1112 1310 1171 el

218 1209 377 1273 bonorem
405 1208 437 1271 iu
465 1209 579 1274 ecdem
606 1217 824 1290 procurasset,
848 1223 1042 1288 gravemque
1064 1221 1103 1271 ec
1126 1205 1309 1270 diuturnam

219 1308 383 1374 caristiam
402 1309 547 1391 aliasque
562 1309 748 1374 innumeras
771 1306 937 1372 molestias
959 1317 991 1371 et
1014 1305 1141 1370 labores
1159 1304 1310 1386 pertulis-

219 1415 279 1482 set,
297 1408 341 1472 ita
359 1416 394 1472 ut
414 1407 480 1490 jam
503 1407 542 1472 ad
566 1417 764 1473 senectutem
781 1417 813 1472 et
828 1406 1042 1472 defectionem
1059 1405 1216 1482 tenderet,
1232 1421 1310 1469 ccu-

218 1509 367 1574 stiluisse
394 1525 431 1573 se
456 1508 556 1573 semel
580 1507 620 1572 ab
642 1506 827 1590 hujusmodi
850 1505 1055 1588 pedagogiois
1076 1503 1213 1585 negotiis
1235 1519 1310 1569 sese

218 1608 401 1690 explicare;
430 1608 468 1672 ad
497 1607 582 1689 quod
606 1608 734 1690 quidem
758 1615 792 1672 ut
815 1605 886 1671 sine
905 1623 965 1670 suo
981 1603 1186 1670 incommodo
1214 1611 1246 1668 et
1271 1619 1310 1667 ex

218 1709 344 1774 bonore
370 1723 410 1772 ac
437 1707 570 1772 utilitate
597 1706 731 1788 predicti
759 1707 810 1771 sui
837 1704 1007 1787 pedagogii
1032 1720 1069 1768 ao
1095 1703 1255 1768 facultatis
1277 1701 1309 1767 id

219 1808 349 1882 faceret,
361 1806 490 1871 dicebat
504 1823 541 1871 se
554 1822 639 1870 nuuc
651 1806 767 1870 bonam
779 1814 903 1870 nactum
921 1821 995 1870 esse
1008 1802 1310 1876 occasionem,cum

218 1907 398 1973 inuenisset
414 1906 516 1970 virum
534 1905 704 1984 insignem,
721 1905 759 1969 ad
774 1905 916 1986 regimen
930 1902 1161 1984 pedagogicum
1176 1900 1310 1965 maxime

218 2005 383 2079 idoneum,
394 2005 488 2086 utqui
504 2005 649 2085 plurimis
661 2005 754 2069 annis
767 2004 915 2086 regimini
929 2012 960 2069 et
973 2002 1164 2067 institutioni
1177 2001 1310 2082 copiose

219 2105 314 2170 etiam
339 2104 520 2187 juventutis
546 2105 747 2170 laudabiliter
774 2105 955 2185 prefuisset,
984 2120 1021 2168 ac
1047 2111 1175 2176 etatem,
1204 2099 1311 2166 erudi·

221 2204 341 2269 tionem
373 2215 405 2269 et
435 2220 560 2268 morum
590 2191 777 2285 gravitatem
807 2203 951 2279 baberet,
982 2201 1036 2284 qui
1065 2209 1195 2282 paratus
1221 2205 1310 2264 esset

222 2302 368 2384 eiusdem
386 2303 554 2385 pedagogii
571 2302 744 2384 regentium
761 2302 940 2382 suscipere,
962 2302 987 2364 si
1005 2300 1197 2382 intelligeret
1212 2298 1309 2363 facul-

221 2412 316 2468 tatem
334 2403 442 2483 ipsurn
455 2403 493 2466 ad
507 2402 640 2467 eandem
653 2419 727 2467 esse
740 2401 969 2476 admissurum,
984 2418 1047 2466 aton
1061 2399 1209 2464 obstante
1224 2397 1310 2479 quod

224 2500 293 2583 ipse
314 2503 358 2566 sit
374 2500 577 2583 corrjugatus.
594 2500 806 2574 Quamobrem
830 2499 912 2565 idern
929 2499 1079 2563 domiuus
1096 2495 1311 2561 armenteria-

223 2618 295 2675 nus,
311 2601 453 2666 dirersis
469 2599 647 2666 rationibus
663 2599 821 2681 allegatis,
835 2598 920 2680 quod
937 2597 1118 2679 coujugium
1135 2595 1188 2660 isti
1200 2594 1232 2658 in
1250 2594 1312 2660 isto

224 2701 354 2784 negotio
371 2717 436 2766 uon
452 2699 583 2766 deberet
599 2699 739 2771 obstare,
752 2695 1174 2780 petivitmt,prementionati
1191 2693 1312 2760 domini

222 2802 254 2865 in
270 2801 332 2864 bac
349 2816 385 2864 re
400 2800 599 2880 explicarent
615 2807 752 2863 mentem
777 2813 880 2872 suam,
904 2795 1072 2861 confidens
1088 2794 1172 2877 quod
1190 2793 1311 2873 reliqua

222 2901 358 2966 facultas
388 2899 525 2965 istorum
557 2898 819 2963 deliberationem
845 2905 876 2961 et
902 2895 1096 2961 sententiam
1125 2893 1218 2958 facile
1247 2892 1312 2958 siut

222 2999 378 3066 secuturi.

261 3099 354 3164 Circa
381 3113 476 3180 quam
501 3091 628 3179 quidem
647 3096 902 3179 propositionem
919 3112 976 3160 seu
994 3093 1178 3176 petitionem
1195 3091 1313 3156 babilis

223 3196 524 3271 deliberationibus,
535 3195 685 3261 domiuus
698 3196 839 3260 decanus
852 3212 890 3260 ex
902 3195 1024 3260 eisdem
1037 3190 1309 3272 conclusitquod,

222 3315 293 3363 cum
310 3297 372 3379 ipsi
391 3296 514 3361 domiui
538 3303 569 3360 et
593 3295 740 3360 similiter
758 3295 890 3360 facultas
911 3295 1107 3377 ignorarent,
1135 3291 1210 3373 quid
1229 3289 1312 3372 juris

221 3397 270 3461 vel
289 3396 431 3462 facultati
448 3396 497 3460 rel
513 3396 759 3461 Armenteriano
775 3395 837 3476 ipsi
853 3394 890 3458 ad
909 3394 1086 3476 predictum
1099 3392 1312 3474 paedagogium

221 3505 434 3578 competeret,
462 3495 593 3560 deberet
617 3494 650 3558 in
681 3494 794 3575 primis
822 3511 878 3575 per
904 3491 1110 3574 jurisperitos
1138 3488 1312 3555 examinari

221 3603 449 3660 testamentum
469 3593 643 3658 venerandi
669 3594 829 3675 quoudam
854 3591 998 3674 magistri
1026 3589 1130 3656 Caroli
1146 3589 1262 3666 viruli,
1279 3587 1312 3652 iu

223 3711 285 3776 quc
302 3695 374 3774 ipse
394 3692 659 3758 armenterianus
682 3693 885 3773 potissimum
902 3701 1030 3773 putatur
1042 3691 1096 3773 jus
1112 3705 1205 3754 suum
1222 3703 1313 3769 pres-

222 3793 359 3874 criptum
386 3793 532 3856 fundare.
557 3790 657 3866 Quam
681 3791 946 3857 examinationem
970 3791 1154 3873 petiverunt
1170 3787 1239 3853 fleri
1257 3803 1314 3868 per

223 3893 372 3974 egregins
388 3891 538 3956 dominos
554 3901 586 3956 et
609 3890 780 3972 magistros
801 3891 955 3956 loannem
977 3890 1140 3954 Glamman
1157 3898 1186 3953 et
1201 3887 1314 3951 Adria·

224 4009 297 4057 num
314 3992 520 4073 Clutiugben,
539 3999 717 4072 assumpto,
726 3991 753 4056 si
774 4009 857 4073 opus
872 3990 1168 4068 videatur,dornino
1184 3985 1313 4054 officiali

224 4089 408 4165 teodteusi,
425 4091 474 4154 rel
492 4091 586 4155 etiarn
604 4091 676 4155 aliis
691 4091 730 4155 ad
747 4089 778 4154 id
795 4089 976 4170 oportunis.

265 4189 356 4266 llenr,
381 4189 467 4272 quod
491 4189 641 4254 dominus
662 4190 805 4254 decanus
829 4205 890 4254 una
913 4205 985 4254 cum
1008 4187 1134 4253 sindico
1154 4185 1314 4252 facultatis

225 4291 378 4357 accedant
397 4288 561 4358 dominum
576 4289 870 4367 armenteriauun,
888 4297 920 4356 et
935 4296 1048 4376 rogent
1063 4288 1102 4356 ab
1118 4305 1169 4369 ec,
1187 4303 1226 4352 an
1242 4286 1313 4372 ipse
