3232 4942
261 571 431 639 uemrudis
454 571 553 654 nujus
570 572 691 652 ouoidi,
715 571 814 639 nobis
830 569 970 638 emunita
993 588 1049 653 nor
1073 571 1184 640 literas
1206 572 1349 657 dominor

260 671 423 737 contentas
438 669 562 735 deoima
576 678 688 735 ootaua
709 679 743 736 et
758 670 910 752 vigesima
926 679 1022 736 sexta·
1039 671 1202 752 praeteriti
1223 674 1348 739 msneis

260 770 461 852 huiusanui;
478 769 714 853 quinustttsns
735 770 840 836 eidam
864 777 994 836 nostrae
1020 770 1227 837 Universitati
1251 771 1348 854 (juxta

262 887 356 935 suum
369 870 534 936 decretum
548 869 610 934 diei
622 869 767 935 denimee
779 869 913 952 quintae
925 869 1029 934 martii
1045 868 1120 933 anni
1134 869 1225 948 tutti)
1239 887 1349 952 urens*

261 978 344 1033 tatur
359 969 465 1034 nautio
485 968 642 1034 aduersus
663 968 795 1037 eosdem
819 968 1013 1034 substitutos
1035 969 1123 1034 dioto
1138 977 1343 1046 testamento.

261 1085 308 1134 ne·
324 1085 380 1148 ner
403 1068 486 1132 hane
506 1065 726 1132 venditionum
746 1066 955 1147 praetendant
975 1067 1213 1134 substitutionis
1236 1085 1348 1136 essum

263 1167 429 1242 ansuinum
460 1166 610 1232 omnihus
639 1166 690 1230 iris
721 1167 814 1248 piene
844 1167 1060 1232 consideratis
1090 1183 1128 1233 ao
1157 1169 1346 1250 nersneotis.

263 1276 443 1332 annuentes
460 1265 633 1331 nantinus
647 1282 686 1330 ao
701 1265 835 1332 muitum
848 1265 1258 1350 mttonatiousnsjusmsdi
1274 1285 1349 1350 sup-

264 1365 503 1446 oiioationiirust
520 1373 678 1446 quantum
700 1382 766 1430 nos·
782 1374 813 1430 et
836 1373 978 1431 nostram
1003 1365 1250 1432 Universitstem
1273 1385 1349 1434 unns

261 1465 364 1530 eeonit
392 1473 487 1546 atque
517 1481 574 1545 oro
604 1464 707 1546 insius
737 1473 923 1530 oootrsotus
952 1475 984 1530 et
1014 1464 1143 1530 ultimae
1173 1465 1349 1533 voluntatis

258 1563 519 1629 oommutatioois
542 1564 660 1630 robore
685 1575 717 1629 ot
744 1563 894 1630 finudtate
919 1581 1001 1645 opus
1029 1574 1090 1638 est,
1114 1566 1251 1632 eundem
1275 1583 1350 1632 oon·

263 1662 428 1727 domamus
455 1661 736 1744 anuromnssous
763 1679 820 1744 nor
847 1673 1053 1744 praesentem
1080 1663 1141 1728 sub
1167 1665 1218 1729 itis
1244 1675 1349 1732 tumeo

263 1761 569 1827 restrictionibuset
577 1761 841 1826 conditionibus:
865 1762 980 1842 primo,
996 1761 1086 1844 quod
1098 1779 1211 1829 omnes
1226 1763 1349 1830 denarii

259 1861 412 1941 unnimies
437 1878 476 1926 ea
501 1860 565 1925 isto
591 1869 771 1934 ooutrnotu,
796 1877 835 1925 ao
859 1861 987 1943 ooiiegii
1010 1862 1245 1944 domorumque
1272 1877 1349 1928 ven-

260 1959 384 2026 ditione
399 1975 458 2024 nee
474 1975 543 2024 nou
554 1967 586 2023 et
609 1958 769 2024 redituum
787 1959 867 2024 inda
883 1959 1349 2044 constituendorumredumps

262 2057 349 2124 tione
371 2057 438 2123 site
460 2057 679 2140 denuitatione
699 2059 926 2139 provenientes
948 2075 1079 2141 ssmnen
1096 2059 1350 2128 numerabuntur

262 2157 294 2219 iu
311 2157 458 2221 muninus
473 2156 633 2240 rnagnidoi
653 2156 774 2222 domini
791 2157 933 2224 motoris·
945 2168 1167 2242 orutemnme
1178 2159 1347 2227 eristentis

259 2257 292 2320 iu
320 2257 501 2338 praesentit
528 2256 679 2337 religiosi.
697 2256 766 2322 sire
791 2257 1018 2340 religiosorum
1046 2258 1195 2342 eiusdem
1221 2259 1346 2326 ordinis

258 2356 530 2430 momentaneis,
548 2357 587 2421 ad
604 2357 666 2424 ituu
683 2373 740 2436 uer
756 2358 942 2438 magistrum
959 2359 1142 2440 generalem
1158 2367 1189 2424 et
1206 2359 1346 2440 priorem

256 2455 507 2522 Nemausensem
527 2456 702 2536 denotandi
716 2457 766 2522 vei
787 2457 1064 2538 deputandorum
1081 2457 1134 2540 qui
1156 2459 1345 2540 magnificus

256 2554 405 2618 dominus
417 2563 524 2620 rentur
539 2555 671 2619 eosdem
687 2555 837 2621 denarios
859 2556 899 2620 de
914 2556 1059 2637 eiusdem
1082 2575 1140 2622 seu
1157 2557 1343 2624 eorumdem

256 2652 485 2734 religiosorum
495 2653 584 2720 snitu
599 2654 1022 2736 (quamcitissimenoteritt.
1043 2656 1082 2722 ad
1098 2656 1236 2725 neodem
1251 2667 1343 2726 natu·

257 2767 325 2816 ram
354 2752 510 2833 apolinari
540 2752 665 2818 curabit
694 2754 727 2816 in
758 2753 858 2833 ostris
889 2754 1074 2822 Gatoodeae
1102 2755 1259 2836 Maiestuti
1289 2767 1344 2824 nat

255 2849 478 2922 serenissimis
487 2849 688 2932 prinninibus
700 2852 864 2932 subjectu
881 2853 1032 2934 quodque
1047 2854 1343 2937 singulideottnres

257 2949 416 3016 dietonum
434 2949 592 3017 redituum
616 2951 781 3032 perpetuis
796 2950 912 3018 suturis
934 2953 1344 3034 tumueriouutooeituntun

256 3047 407 3116 intineris
433 3048 689 3128 recognitionum
713 3050 891 3118 eorundem
916 3052 1075 3120 redituum
1097 3052 1136 3121 ad
1159 3053 1343 3134 prestetum

256 3147 511 3214 numerationem
542 3149 573 3212 in
604 3165 719 3218 manus
745 3149 905 3231 magniflui
934 3151 1057 3221 domiui
1087 3152 1276 3230 iaoiendum,
1310 3165 1342 3221 ut

256 3247 445 3328 praefertur,
459 3263 534 3316 sese
549 3248 703 3330 obligare.
718 3249 877 3326 seeundo,
891 3249 976 3331 quod
989 3249 1066 3318 dieti
1084 3251 1234 3333 magister
1245 3268 1342 3334 gene»

167 3419 172 3426 Ι
254 3345 331 3410 rutis
345 3357 377 3412 et
394 3346 483 3428 prior
496 3345 869 3428 Natuutueneisnemner
884 3349 1003 3430 eligere
1015 3357 1164 3430 potemur
1178 3349 1340 3431 quoddam

254 3444 350 3527 nujus
369 3445 596 3514 Univetsitatis
618 3447 802 3529 eottsgnun,
830 3445 862 3511 in
889 3465 953 3528 ouo
972 3447 1023 3514 sui
1049 3448 1174 3514 ordinis
1198 3447 1341 3530 religiosi

253 3543 447 3620 habitantes.
455 3544 544 3626 justa
558 3547 918 3618 mmtemtestatorisin
931 3549 991 3614 hae
1003 3557 1114 3614 nostra
1125 3547 1341 3614 Universitate

253 3643 439 3725 diligentem
458 3645 617 3710 novabunt
637 3661 769 3727 onerum
790 3647 909 3714 studiis
932 3646 1157 3728 nnitosonnias
1176 3657 1209 3714 et
1229 3663 1341 3719 saeuae

252 3742 444 3824 theologiae,
456 3760 514 3824 oro
525 3745 630 3811 anima
639 3745 804 3812 testatoris
818 3747 1200 3828 suorumqueamioorum
1209 3757 1340 3814 orantes

251 3851 282 3908 et
310 3842 428 3907 missas
452 3843 665 3919 celebrantes,
690 3852 788 3924 orout
809 3861 853 3910 ea
874 3853 1067 3912 testamento
1093 3857 1125 3912 et
1151 3845 1338 3914 fundatione

251 3950 411 4007 tenentur.
435 3941 641 4008 Tenebantur
664 3943 803 4024 denique
829 3943 905 4010 dicti
936 3944 1090 4027 magister
1117 3945 1278 4028 monialis
1307 3954 1339 4012 st

254 4039 1339 4128 priorNamureensisdeputarealioueminsignem.pium,proituut

214 4169 217 4176 ·
250 4154 289 4210 ae
305 4137 430 4206 fidelem
454 4139 641 4220 reiigiosum
665 4141 714 4206 sui
738 4141 874 4215 ordinis,
890 4143 944 4224 qui
960 4141 1067 4209 dietus
1082 4161 1196 4212 omnes
1211 4160 1337 4212 annuos
