3236 4952
343 604 382 667 Ut
419 613 524 668 autem
559 603 690 683 praelati
726 605 888 670 testatoris
925 613 1149 670 testamentum
1179 613 1209 668 et
1245 613 1387 667 extrema

299 704 449 768 uoluntas
465 720 543 768 suos
559 704 684 768 debitos
701 703 796 768 finem
812 711 844 768 et
859 704 1006 770 ellectum
1028 705 1067 768 ad
1085 703 1140 768 [lei
1156 703 1386 782 omnipotentis

300 802 435 884 gloriam
464 811 497 867 et
524 803 678 866 bonorem
709 811 741 866 et
770 803 894 868 animae
924 820 1001 868 suae
1031 802 1164 867 salutent
1195 801 1382 872 sortiantur,

299 900 473 982 deputavit.
490 901 586 982 elegit
607 910 638 966 et
663 902 837 966 nominavit
860 902 1041 982 praedictae
1063 901 1237 966 voluntatis
1260 916 1337 964 suae
1353 907 1384 963 et

296 1001 535 1076 codicillorum,
552 1001 675 1081 siquos
699 1002 902 1081 postmodum
927 1002 1050 1075 lecerit,
1068 1010 1268 1072 executores,
1289 1015 1384 1063 vene-

302 1100 419 1166 rabiles
445 1101 533 1169 viros
557 1117 594 1164 ac
619 1101 769 1164 dominos
797 1101 967 1181 magistros
994 1099 1140 1165 llatbiam
1166 1098 1383 1169 lambrecbts,

300 1215 412 1263 sacrae
428 1198 607 1280 theologiae
630 1198 825 1263 licentiatum
841 1210 872 1264 et
896 1198 1187 1280 poenitentiarium,
1205 1195 1385 1277 Remigium

300 1297 468 1372 Brittium,
487 1296 586 1388 filiurn
604 1297 753 1372 Mauritii,
771 1296 950 1368 officialem,
964 1307 995 1361 et
1010 1296 1182 1376 Georgium
1199 1295 1243 1359 lle
1259 1295 1384 1375 Clercq,

301 1397 380 1478 iuris
404 1397 569 1478 utriusque
594 1396 787 1473 licentiatos,
812 1397 970 1460 ecciesiae
993 1394 1187 1460 cathedralis
1210 1393 1385 1474 brugensis

300 1496 487 1573 canonicos,
505 1497 586 1559 dans
601 1495 666 1559 illis
684 1505 872 1576 potestatem
896 1495 978 1559 bona
995 1512 1052 1559 sua
1069 1494 1196 1559 mobilia
1223 1503 1255 1558 et
1270 1493 1384 1555 immo-

300 1595 376 1659 bilia
399 1594 671 1675 apprelrccdendi,
688 1595 859 1668 uendendi,
877 1594 1036 1659 alienandi
1059 1603 1089 1658 et
1112 1593 1217 1658 omnia
1235 1589 1382 1664 faciendi,

299 1711 382 1777 quae
397 1695 534 1774 ipsemet
548 1702 683 1759 testator
699 1695 803 1760 lacere
820 1703 942 1774 posset,
960 1694 1057 1774 itique
1072 1709 1130 1774 pro
1146 1692 1335 1757 executione
1351 1699 1383 1755 et

298 1793 536 1874 complemento
566 1792 662 1872 nujus
695 1793 797 1873 ipsius
828 1793 956 1857 ultimae
984 1792 1160 1856 voluntaris
1188 1799 1221 1855 et
1248 1790 1384 1854 aliarum

300 1909 430 1958 suarum
448 1892 709 1974 dispositionum,
726 1908 806 1973 quas
823 1903 895 1974 post
911 1902 1114 1972 praesentem
1130 1891 1239 1956 lorsan
1259 1889 1384 1960 lecerit.

300 2007 472 2056 reservans
499 1991 560 2056 sibi
587 1990 767 2056 facultatem
795 2001 826 2056 et
853 1991 1075 2056 auctoritatem
1100 1989 1286 2062 revocandi,
1309 1989 1385 2052 alte·

300 2090 404 2158 randi.
436 2089 586 2162 addendi,
617 2089 818 2162 detrahendi,
848 2090 1046 2154 diminuendi
1083 2107 1121 2154 ac
1154 2086 1385 2168 interpretandi

301 2198 502 2269 praesentem
518 2205 609 2252 suam
625 2190 832 2262 voluntatem,
852 2200 946 2268 prout
961 2190 1021 2255 sibi
1039 2189 1144 2252 visum
1161 2187 1254 2252 luerit
1270 2195 1301 2250 et
1313 2186 1387 2267 jura

298 2287 508 2361 conceditur:
525 2287 641 2351 sivero
654 2286 833 2352 inveniatur
846 2287 950 2368 aliqua
965 2287 1159 2360 obscuritas,
1174 2285 1266 2366 cujus
1279 2284 1386 2350 decla-

300 2385 459 2449 rationem
495 2403 552 2450 scn
584 2387 878 2466 interpretationem
916 2386 1007 2450 vivus
1044 2403 1107 2450 non
1143 2385 1267 2459 lecerit,
1299 2383 1386 2448 iltius

298 2485 508 2550 obscuritatis
534 2485 831 2565 interpretationem
855 2486 922 2550 vult
944 2502 1019 2550 esse
1041 2501 1141 2566 penes
1168 2501 1246 2550 suos
1273 2499 1387 2562 supra-

299 2583 405 2648 dictos
431 2593 633 2660 executores,
661 2601 795 2666 eamque
825 2584 873 2650 sic
902 2585 1009 2650 valere
1039 2595 1133 2665 atque
1162 2584 1189 2648 si
1216 2599 1286 2648 eam
1317 2582 1387 2662 ipse

300 2683 450 2756 fecissem
478 2683 647 2748 declarans
676 2684 759 2750 hanc
788 2701 862 2750 esse
890 2684 1030 2748 ultimam
1058 2683 1382 2754 suamvoluntatem,

299 2798 394 2862 quam
420 2783 451 2845 in
478 2782 627 2847 omnibus
650 2794 682 2848 et
704 2800 761 2863 per
785 2783 892 2848 omnia
916 2784 1012 2848 modo
1036 2781 1214 2862 praemisso
1238 2782 1385 2844 lactama

301 2881 475 2960 praedictis
491 2881 560 2945 suis
577 2882 804 2948 executoribus
820 2882 988 2963 adimpleri
1004 2882 1082 2955 vult,
1102 2881 1178 2960 petit
1198 2890 1229 2944 et
1246 2879 1384 2942 mandat.

342 2978 419 3042 Actu
437 2977 565 3043 luerunt
588 2981 667 3045 baec
683 2980 947 3062 Andomaropoli,
965 2981 997 3044 in
1017 2980 1166 3060 lrospitali
1190 2979 1284 3060 vulgo
1300 2978 1386 3044 dicto

299 3077 339 3140 dc
350 3076 381 3139 lc
395 3079 531 3142 Coetcric
543 3079 592 3157 ll),
610 3097 694 3144 anno
707 3081 798 3156 1583,
810 3079 1020 3160 mensisjucii
1033 3077 1220 3142 diedecima
1234 3083 1323 3141 sexta
1336 3076 1386 3152 lb),

300 3176 526 3256 praesentibus
542 3179 696 3260 magistro
713 3179 852 3244 ilenrico
869 3180 1009 3242 ilartens
1021 3189 1052 3242 et
1067 3177 1217 3243 Cornelio
1230 3176 1386 3249 Hooviue,

301 3276 434 3341 notariis
450 3278 601 3357 publicis,
620 3279 673 3359 qui
697 3287 921 3342 testamentum
941 3277 1124 3359 hujusmodi
1145 3276 1386 3357 subsignarunt.

337 3457 376 3528 (l)
398 3481 410 3504 u
424 3458 500 3514 Colle
510 3459 617 3514 maison
630 3459 784 3513 charitcble
794 3457 861 3514 eteit
874 3457 966 3530 eriges
976 3477 1041 3514 sons
1053 3461 1078 3513 le
1088 3459 1200 3513 vocable
1213 3459 1246 3512 de
1263 3481 1275 3502 ι
1286 3457 1390 3511 Sancta

299 3549 398 3604 Μανία
417 3549 551 3604 δοοεενίαε
567 3575 579 3596 n
602 3551 629 3604 el
648 3547 773 3604 commas
786 3549 911 3620 l’hbpital
929 3556 963 3604 de
982 3551 1149 3612 l’Escotetie,
1164 3555 1198 3602 de
1215 3554 1243 3602 la
1257 3548 1387 3618 Castoris,

300 3645 347 3694 les
362 3641 499 3696 (hiterles.
517 3666 530 3687 u
546 3640 617 3694 Note
630 3645 663 3693 de
677 3641 717 3695 M.
733 3641 773 3694 Dc
786 3641 919 3695 Sebrooel.

337 3729 435 3802 (et-La
447 3731 510 3784 date
524 3731 560 3784 du
577 3731 610 3785 to
617 3731 680 3800 juin
695 3729 824 3802 indiquee
835 3731 871 3784 ici
884 3728 987 3786 semble
1000 3735 1057 3784 etre
1070 3731 1140 3784 celle
1151 3729 1185 3785 dc
1198 3731 1225 3784 la
1234 3729 1390 3784 confection

301 3821 337 3876 du
357 3827 504 3876 testament
524 3823 557 3875 de
575 3822 670 3876 Victor
689 3823 722 3876 de
736 3821 890 3891 Slinghere.
907 3823 955 3885 Or,
970 3819 1077 3892 d’npres
1096 3821 1123 3875 la
1142 3821 1222 3877 lettre
1240 3821 1275 3875 de
1287 3820 1391 3875 Michol

299 3911 334 3965 de
348 3911 416 3982 ch,
430 3909 556 3966 adressee
576 3919 592 3965 a
606 3911 739 3965 Matthias
753 3912 926 3976 Lambrecbt,
942 3914 976 3967 de
989 3911 1135 3982 Slinghere
1147 3912 1232 3966 serait
1244 3919 1316 3966 mort
1328 3906 1392 3975 dell

301 4002 399 4072 depuis
414 4003 440 4056 le
457 4003 488 4056 17
502 4003 566 4057 mei.
584 4001 633 4057 S'il
645 4021 662 4074 y
675 4020 693 4056 c
706 4020 809 4068 erreur,
824 4021 893 4058 nous
906 4001 1047 4074 pre'lerons
1062 4001 1215 4057 l'attribuer
1227 4009 1244 4056 b
1258 3999 1390 4072 lincopia,

303 4099 391 4146 meme
409 4095 601 4165 cutheniiquo,
617 4095 653 4148 du
673 4099 820 4148 testemont
839 4095 941 4166 plutot,
956 4096 1017 4166 qu'l
1037 4092 1227 4164 l’cutographe
1237 4093 1271 4148 do
1285 4094 1388 4159 Boinag

301 4183 420 4238 amoins
434 4185 515 4256 qu'on
532 4202 567 4240 ne
581 4185 696 4255 regardo
717 4185 745 4238 le
757 4185 821 4239 dato
838 4187 874 4238 du
893 4185 925 4239 lo
934 4187 997 4255 juia
1017 4199 1122 4240 comme
1138 4184 1209 4239 colle
1228 4183 1261 4238 de
1275 4184 1391 4238 l'ouvor·

252 4295 263 4316 ι
302 4278 364 4327 ture
377 4275 414 4328 du
428 4280 584 4332 toslsment.
598 4301 611 4323 u
627 4275 700 4330 Note
711 4281 744 4330 de
756 4275 803 4332 M.
819 4277 861 4330 De
873 4277 1006 4331 Sebrcoel.
