3158 4952
750 416 870 482 -360
893 455 935 466 —

298 597 374 664 licet
389 597 506 673 locato,
526 605 559 664 ut
574 597 742 673 hactenus,
759 615 798 662 an
815 616 892 666 vero
910 607 1016 681 empto
1040 600 1100 666 ltec
1116 599 1232 666 domus
1254 598 1297 664 sit
1313 616 1387 665 suc-

299 697 423 762 cessori
441 696 607 772 tradenda,
621 697 669 761 sic
685 708 790 762 tamen
805 707 838 764 ut
854 711 1009 781 perpetuo
1022 708 1147 765 maneat
1159 700 1275 764 domus
1292 699 1383 780 peda·

299 796 1385 880 gogialislleditinsupereisdemdeputatispleoariampotestatem,

299 903 466 976 postquam
483 895 523 960 de
538 895 777 960 conditionibus
794 905 987 962 conventum
1005 898 1110 975 fuerit,
1124 915 1163 962 ex
1175 913 1235 961 suo
1252 913 1386 961 nurnero

298 993 470 1074 deputandi
488 993 669 1075 pauciores,
684 1003 749 1059 tres
765 996 912 1062 videlicet
927 998 976 1062 vel
992 1007 1140 1079 quatuor,
1158 996 1211 1078 qui
1228 995 1292 1060 illis
1308 1011 1384 1060 con-

297 1092 473 1156 ditionibus
495 1109 567 1156 cum
591 1109 784 1158 successore
807 1111 891 1160 nouo
918 1103 1065 1168 tractent,
1090 1111 1163 1178 cum
1184 1103 1289 1158 tamen
1306 1093 1383 1157 rela-

298 1192 384 1256 tione
397 1190 434 1254 ad
449 1191 641 1255 facultatem.
657 1191 777 1256 Placuit
790 1194 884 1256 ctiam
902 1193 1053 1269 facultati,
1065 1202 1098 1258 ut
1111 1193 1253 1273 magistri
1267 1192 1384 1256 domus

299 1288 515 1370 pedagogialis
548 1288 696 1354 Falconis
731 1293 868 1356 seorsim
899 1293 1079 1364 audiantur,
1111 1301 1281 1373 antequam
1310 1306 1380 1355 cum

296 1387 404 1469 aliquo
427 1397 516 1452 certo
535 1405 727 1454 successore
750 1391 968 1456 conveniatur.
990 1391 1082 1466 doru,
1102 1391 1180 1464 Vlll,
1202 1391 1257 1454 fol.
1280 1388 1383 1452 936r⁰

298 1495 329 1550 et
346 1497 388 1549 v⁰.

340 1637 395 1699 llic
414 1637 541 1709 ueneris,
566 1638 665 1716 primo
686 1639 800 1702 meracis
813 1639 897 1719 juniii
919 1638 1010 1713 1565,
1033 1637 1151 1702 indicta
1174 1645 1225 1702 est
1245 1653 1381 1718 congre·

296 1735 381 1816 gatio
398 1734 557 1798 facultatis
572 1735 687 1799 artium
704 1735 735 1798 in
759 1737 881 1800 scholis
897 1737 1024 1812 artium,
1042 1737 1080 1799 ad
1098 1738 1208 1800 horam
1226 1736 1380 1800 decimam

295 1840 370 1898 ante
401 1833 584 1910 meridiem,
617 1833 655 1896 ad
685 1833 889 1910 audiendum,
922 1836 996 1916 quid
1021 1835 1140 1899 domini
1168 1833 1379 1898 commissarii

295 1930 419 2013 egerint
433 1931 465 1994 in
483 1933 610 2010 negotio
628 1933 793 2014 pedagogii
810 1935 958 1998 Falconis
975 1934 1055 2014 ipsis
1073 1949 1175 2014 nuper
1190 1933 1377 2006 commisso,

296 2041 327 2094 et
353 2030 391 2093 ad
420 2029 554 2094 ulterius
584 2031 836 2104 deliberandum,
864 2031 939 2112 quid
967 2032 1006 2095 de
1038 2031 1175 2112 inceptis
1205 2031 1236 2093 in
1266 2030 1378 2096 eodem

297 2129 426 2210 negotio
453 2129 495 2192 sit
522 2129 720 2203 faciendunr;
748 2140 789 2202 et,
814 2145 853 2192 en
879 2130 1000 2210 placeat
1023 2130 1143 2194 eisdem
1167 2130 1379 2203 committere,

296 2244 335 2292 an
352 2245 429 2293 vero
451 2229 534 2310 aliis.
553 2229 707 2292 Dominus
729 2229 871 2293 decanus
894 2230 1043 2309 exposuit
1062 2229 1216 2304 facultati,
1235 2234 1327 2308 prout
1347 2227 1378 2290 in

297 2329 429 2393 scedula
445 2345 501 2408 per
522 2329 627 2408 ipsum
651 2329 804 2393 decanum
821 2330 1002 2410 conscripta
1020 2330 1254 2404 continebatur,
1273 2329 1304 2391 in
1322 2329 1379 2392 lrec

295 2427 391 2493 verba
410 2449 417 2490 :
435 2451 451 2486 n
470 2426 504 2490 ln
528 2429 656 2507 negotio
676 2429 818 2508 regentie
835 2428 999 2509 pedagogi
1022 2427 1182 2502 Falconis,
1204 2426 1378 2502 relatiua

294 2526 424 2590 scedula
448 2526 485 2588 ad
511 2525 605 2590 furem
630 2542 732 2606 usque
747 2527 827 2590 lecta
844 2543 882 2591 ac
898 2526 1038 2591 facultati
1055 2528 1233 2607 proposita,
1252 2527 1378 2607 placue-

294 2635 367 2689 runt
389 2624 529 2689 facultati
551 2632 620 2688 acta
643 2624 845 2688 dominorum
872 2626 1170 2691 commissariorum
1197 2627 1228 2689 in
1253 2623 1379 2705 negotio

293 2724 452 2800 Falconis,
477 2733 571 2805 prout
592 2741 648 2804 per
669 2723 823 2789 decanum
847 2725 974 2790 fuerunt
1000 2726 1082 2790 lecta
1105 2736 1136 2789 et
1159 2725 1323 2804 exposita;
1349 2731 1380 2786 et

292 2822 466 2886 consentiit
487 2822 598 2885 eadem
621 2822 765 2896 facultas,
785 2831 830 2898 ut,
850 2824 876 2886 si
899 2825 1088 2888 commodus
1109 2833 1234 2905 emptor
1250 2839 1286 2887 se
1301 2821 1380 2886 olie-

293 2926 352 2994 rat‚
380 2919 495 2984 domus
522 2920 669 2984 Falconis
694 2922 791 2986 certis
819 2923 1060 2987 conditionibus
1091 2924 1269 2998 vendatur;
1294 2920 1375 3002 quod

293 3018 427 3083 facultas
442 3019 611 3083 committit
626 3018 747 3082 eisdem
764 3021 1009 3095 commissoriis,
1027 3020 1081 3102 qui
1098 3022 1252 3084 hactenus
1269 3021 1301 3084 in
1317 3021 1377 3082 lnoc

293 3118 365 3198 ipso
381 3117 510 3198 negotio
525 3118 762 3183 laboraverunt.
780 3119 869 3194 dcun,
888 3117 963 3194 Vlll,
983 3119 1037 3183 fol.
1055 3117 1115 3182 aad
1131 3119 1239 3182 rr-aat
1256 3135 1297 3181 ro.

336 3267 392 3332 Die
406 3270 535 3342 verteris,
552 3268 651 3346 ccviij
664 3270 776 3331 morsis
790 3267 966 3348 septembris
983 3267 1076 3344 1565,
1095 3269 1215 3332 indicta
1233 3276 1283 3332 est
1305 3283 1376 3332 con-

292 3367 435 3448 gregatio
448 3366 606 3430 facultatis
623 3365 655 3429 iu
669 3367 791 3430 scholis
804 3367 930 3442 artium,
950 3367 1033 3431 inter
1049 3383 1164 3432 nonam
1178 3376 1209 3431 et
1222 3367 1377 3431 decimam

292 3466 389 3530 lroras
405 3473 477 3529 aute
500 3464 676 3529 meridiem.
694 3464 820 3528 Tertius
836 3465 990 3529 articulus
1014 3475 1082 3530 erat
1097 3466 1136 3529 ad
1160 3465 1374 3546 deputandum

292 3563 545 3638 commissarios,
563 3564 615 3644 qui
633 3563 753 3644 regenti
772 3565 937 3644 pedagogi
954 3563 1108 3629 Falconis
1133 3564 1239 3628 futuro
1255 3563 1375 3628 delibe-

292 3671 364 3727 reut
379 3672 411 3726 et
433 3663 556 3726 tradant
571 3665 702 3728 domum
725 3663 962 3743 pedagogialern
982 3679 1054 3727 cnm
1081 3663 1150 3727 suis
1174 3661 1375 3742 pertinentiis

288 3759 376 3841 Juxta
396 3761 640 3826 couventionem
665 3777 738 3824 cum
761 3777 800 3826 co
823 3761 931 3824 initam
948 3769 979 3826 et
994 3761 1136 3826 visitent.
1154 3761 1312 3836 Quantum
1334 3759 1371 3823 ad

292 3859 420 3924 tertium
436 3859 637 3937 [articulum],
655 3859 759 3941 quoad
776 3860 1018 3924 commissarios
1031 3860 1197 3941 pedagogii
1215 3857 1374 3932 Falconis,

292 3957 427 4021 facultas
449 3959 624 4024 nominavit
650 3957 892 4024 commissarios
918 3973 955 4023 ac
980 3960 1144 4040 deputavit
1169 3957 1377 4023 honorandos

291 4055 379 4120 viros
396 4057 582 4138 magistrum
598 4057 801 4122 llelclriorem
825 4055 997 4138 ltilreuroy,
1016 4059 1056 4122 de
1078 4055 1258 4132 lleclrlinia,
1277 4054 1376 4137 presi·

291 4154 419 4219 dentem
435 4156 560 4236 collegii
578 4157 673 4221 trium
691 4157 883 4237 linguarum,
902 4158 1089 4237 magistrum
1105 4155 1283 4219 Jotrannem
1301 4152 1372 4217 Bel·
1488 4159 1494 4164 '

292 4255 456 4328 lenum,·et
466 4255 649 4336 magistrum
662 4254 896 4321 Theodericum
908 4255 1057 4330 Flribout,
1073 4255 1188 4319 urtium
1203 4254 1376 4336 magistros
