<?xml version="1.0" encoding="UTF-8"?>
<!DOCTYPE html PUBLIC "-//W3C//DTD XHTML 1.0 Transitional//EN"
    "http://www.w3.org/TR/xhtml1/DTD/xhtml1-transitional.dtd">
<html xmlns="http://www.w3.org/1999/xhtml" xml:lang="en" lang="en">
 <head>
  <title>
</title>
<meta http-equiv="Content-Type" content="text/html;charset=utf-8" />
  <meta name='ocr-system' content='tesseract 3.04.00' />
  <meta name='ocr-capabilities' content='ocr_page ocr_carea ocr_par ocr_line ocrx_word'/>
</head>
<body>
  <div class='ocr_page' id='page_1' title='image "./documentsrelati01reusgoog/documentsrelati01reusgoog_1174.png"; bbox 0 0 3232 4942; ppageno 0'>
   <div class='ocr_carea' id='block_1_1' title="bbox 740 381 931 456">
    <p class='ocr_par' dir='ltr' id='par_1_1' title="bbox 740 381 931 456">
     <span class='ocr_line' id='line_1_1' title="bbox 740 381 931 456; baseline 0.005 -1"><span class='ocrx_word' id='word_1_1' title='bbox 740 381 865 456; x_wconf 79' lang='grc'><strong>-600</strong></span> <span class='ocrx_word' id='word_1_2' title='bbox 890 422 931 437; x_wconf 88' lang='grc'><strong>-·</strong></span> 
     </span>
    </p>
   </div>
   <div class='ocr_carea' id='block_1_2' title="bbox 327 565 1343 755">
    <p class='ocr_par' dir='ltr' id='par_1_2' title="bbox 327 565 1343 755">
     <span class='ocr_line' id='line_1_2' title="bbox 327 565 1343 654; baseline -0.006 -14"><span class='ocrx_word' id='word_1_3' title='bbox 327 575 352 640; x_wconf 93' lang='lat' dir='ltr'><strong>l.</strong></span> <span class='ocrx_word' id='word_1_4' title='bbox 369 610 410 621; x_wconf 95' lang='lat'>-</span> <span class='ocrx_word' id='word_1_5' title='bbox 425 573 523 640; x_wconf 79' lang='lat' dir='ltr'><strong>lettre</strong></span> <span class='ocrx_word' id='word_1_6' title='bbox 543 573 703 654; x_wconf 81' lang='lat' dir='ltr'><strong>dldrpeiur</strong></span> <span class='ocrx_word' id='word_1_7' title='bbox 726 573 886 638; x_wconf 74' lang='lat' dir='ltr'><strong>Puteanus</strong></span> <span class='ocrx_word' id='word_1_8' title='bbox 907 575 927 637; x_wconf 81' lang='lat' dir='ltr'><strong>d</strong></span> <span class='ocrx_word' id='word_1_9' title='bbox 950 571 1076 636; x_wconf 74' lang='lat' dir='ltr'><strong>charles</strong></span> <span class='ocrx_word' id='word_1_10' title='bbox 1097 572 1134 634; x_wconf 85' lang='lat' dir='ltr'><strong>de</strong></span> <span class='ocrx_word' id='word_1_11' title='bbox 1155 565 1343 652; x_wconf 61' lang='lat' dir='ltr'><strong>Lenoneuol</strong></span> 
     </span>
     <span class='ocr_line' id='line_1_3' title="bbox 503 671 1077 755; baseline 0.005 -25"><span class='ocrx_word' id='word_1_12' title='bbox 503 727 504 730; x_wconf 74' lang='grc'>,</span> <span class='ocrx_word' id='word_1_13' title='bbox 582 679 677 736; x_wconf 85' lang='lat' dir='ltr'><strong>cornte</strong></span> <span class='ocrx_word' id='word_1_14' title='bbox 698 672 735 735; x_wconf 81' lang='lat' dir='ltr'><strong>de</strong></span> <span class='ocrx_word' id='word_1_15' title='bbox 757 674 915 755; x_wconf 83' lang='lat' dir='ltr'><strong>Buepuop,</strong></span> <span class='ocrx_word' id='word_1_16' title='bbox 940 683 1002 736; x_wconf 89' lang='lat' dir='ltr'><strong>ete.</strong></span> <span class='ocrx_word' id='word_1_17' title='bbox 1028 671 1077 748; x_wconf 87' lang='lat' dir='ltr'><strong>(l).</strong></span> 
     </span>
    </p>
   </div>
   <div class='ocr_carea' id='block_1_3' title="bbox 727 821 974 894">
    <p class='ocr_par' dir='ltr' id='par_1_3' title="bbox 727 821 974 894">
     <span class='ocr_line' id='line_1_4' title="bbox 727 821 974 894; baseline -0.004 -16"><span class='ocrx_word' id='word_1_18' title='bbox 727 822 745 878; x_wconf 85' lang='lat'>3</span> <span class='ocrx_word' id='word_1_19' title='bbox 764 822 833 877; x_wconf 71' lang='lat' dir='ltr'><strong>svnt</strong></span> <span class='ocrx_word' id='word_1_20' title='bbox 856 821 936 878; x_wconf 85' lang='lat' dir='ltr'><strong>terr.</strong></span> <span class='ocrx_word' id='word_1_21' title='bbox 973 891 974 894; x_wconf 5' lang='lat' dir='ltr'><strong>g</strong></span> 
     </span>
    </p>
   </div>
   <div class='ocr_carea' id='block_1_4' title="bbox 448 962 1334 1046">
    <p class='ocr_par' dir='ltr' id='par_1_4' title="bbox 448 962 1334 1046">
     <span class='ocr_line' id='line_1_5' title="bbox 448 962 1334 1046; baseline 0 -20"><span class='ocrx_word' id='word_1_22' title='bbox 448 963 639 1030; x_wconf 84' lang='lat' dir='ltr'><strong>Bruxellam.</strong></span> <span class='ocrx_word' id='word_1_23' title='bbox 656 963 771 1030; x_wconf 85' lang='lat' dir='ltr'><strong>Cereio</strong></span> <span class='ocrx_word' id='word_1_24' title='bbox 787 963 1003 1046; x_wconf 81' lang='lat' dir='ltr'><strong>longevallio‚</strong></span> <span class='ocrx_word' id='word_1_25' title='bbox 1021 963 1131 1030; x_wconf 89' lang='lat' dir='ltr'><strong>comiti</strong></span> <span class='ocrx_word' id='word_1_26' title='bbox 1147 962 1334 1044; x_wconf 80' lang='lat' dir='ltr'><strong>Bucouoyo.</strong></span> 
     </span>
    </p>
   </div>
   <div class='ocr_carea' id='block_1_5' title="bbox 220 1095 1383 3760">
    <p class='ocr_par' dir='ltr' id='par_1_5' title="bbox 220 1095 1383 3760">
     <span class='ocr_line' id='line_1_6' title="bbox 336 1095 1378 1180; baseline -0.005 -18"><span class='ocrx_word' id='word_1_27' title='bbox 336 1097 455 1163; x_wconf 82' lang='lat' dir='ltr'><strong>lleusse</strong></span> <span class='ocrx_word' id='word_1_28' title='bbox 477 1097 541 1180; x_wconf 75' lang='lat' dir='ltr'><strong>iam</strong></span> <span class='ocrx_word' id='word_1_29' title='bbox 571 1095 676 1163; x_wconf 85' lang='lat' dir='ltr'><strong>officio</strong></span> <span class='ocrx_word' id='word_1_30' title='bbox 703 1114 775 1163; x_wconf 91' lang='lat' dir='ltr'><strong>meo</strong></span> <span class='ocrx_word' id='word_1_31' title='bbox 805 1097 925 1172; x_wconf 85' lang='lat' dir='ltr'><strong>ridear,</strong></span> <span class='ocrx_word' id='word_1_32' title='bbox 954 1097 982 1162; x_wconf 91' lang='lat' dir='ltr'><strong>si</strong></span> <span class='ocrx_word' id='word_1_33' title='bbox 1012 1096 1207 1178; x_wconf 85' lang='lat' dir='ltr'><strong>promissum</strong></span> <span class='ocrx_word' id='word_1_34' title='bbox 1239 1095 1378 1160; x_wconf 78' lang='lat' dir='ltr'><strong>traham.</strong></span> 
     </span>
     <span class='ocr_line' id='line_1_7' title="bbox 291 1195 1377 1280; baseline -0.002 -19"><span class='ocrx_word' id='word_1_35' title='bbox 291 1196 401 1279; x_wconf 81' lang='lat' dir='ltr'><strong>Neque</strong></span> <span class='ocrx_word' id='word_1_36' title='bbox 424 1213 477 1266; x_wconf 91' lang='lat' dir='ltr'><strong>res</strong></span> <span class='ocrx_word' id='word_1_37' title='bbox 495 1213 595 1280; x_wconf 89' lang='lat' dir='ltr'><strong>parva</strong></span> <span class='ocrx_word' id='word_1_38' title='bbox 618 1207 680 1270; x_wconf 89' lang='lat' dir='ltr'><strong>est,</strong></span> <span class='ocrx_word' id='word_1_39' title='bbox 697 1213 770 1262; x_wconf 88' lang='lat' dir='ltr'><strong>eum</strong></span> <span class='ocrx_word' id='word_1_40' title='bbox 792 1197 833 1262; x_wconf 90' lang='lat' dir='ltr'><strong>de</strong></span> <span class='ocrx_word' id='word_1_41' title='bbox 857 1195 911 1260; x_wconf 88' lang='lat' dir='ltr'><strong>lilii</strong></span> <span class='ocrx_word' id='word_1_42' title='bbox 927 1197 1129 1262; x_wconf 88' lang='lat' dir='ltr'><strong>institutione</strong></span> <span class='ocrx_word' id='word_1_43' title='bbox 1145 1195 1251 1277; x_wconf 84' lang='lat' dir='ltr'><strong>agitur</strong></span> <span class='ocrx_word' id='word_1_44' title='bbox 1267 1219 1275 1258; x_wconf 75' lang='grc' dir='ltr'><strong>ι</strong></span> <span class='ocrx_word' id='word_1_45' title='bbox 1293 1211 1377 1276; x_wconf 82' lang='lat' dir='ltr'><strong>quae</strong></span> 
     </span>
     <span class='ocr_line' id='line_1_8' title="bbox 293 1293 1379 1378; baseline -0.001 -18"><span class='ocrx_word' id='word_1_46' title='bbox 293 1307 324 1361; x_wconf 90' lang='lat' dir='ltr'><strong>et</strong></span> <span class='ocrx_word' id='word_1_47' title='bbox 337 1296 490 1377; x_wconf 87' lang='lat' dir='ltr'><strong>reliquam</strong></span> <span class='ocrx_word' id='word_1_48' title='bbox 503 1296 598 1360; x_wconf 88' lang='lat' dir='ltr'><strong>vitam</strong></span> <span class='ocrx_word' id='word_1_49' title='bbox 615 1305 646 1361; x_wconf 92' lang='lat' dir='ltr'><strong>et</strong></span> <span class='ocrx_word' id='word_1_50' title='bbox 663 1312 770 1362; x_wconf 89' lang='lat' dir='ltr'><strong>rerum</strong></span> <span class='ocrx_word' id='word_1_51' title='bbox 782 1295 978 1378; x_wconf 88' lang='lat' dir='ltr'><strong>agendarum</strong></span> <span class='ocrx_word' id='word_1_52' title='bbox 991 1307 1063 1362; x_wconf 88' lang='lat' dir='ltr'><strong>vcta</strong></span> <span class='ocrx_word' id='word_1_53' title='bbox 1076 1295 1230 1362; x_wconf 89' lang='lat' dir='ltr'><strong>continet.</strong></span> <span class='ocrx_word' id='word_1_54' title='bbox 1244 1293 1379 1360; x_wconf 75' lang='lat' dir='ltr'><strong>dudeco</strong></span> 
     </span>
     <span class='ocr_line' id='line_1_9' title="bbox 294 1393 1380 1477; baseline 0 -20"><span class='ocrx_word' id='word_1_55' title='bbox 294 1393 402 1476; x_wconf 84' lang='lat' dir='ltr'><strong>igitur,</strong></span> <span class='ocrx_word' id='word_1_56' title='bbox 430 1395 505 1477; x_wconf 83' lang='lat' dir='ltr'><strong>quid</strong></span> <span class='ocrx_word' id='word_1_57' title='bbox 535 1395 687 1472; x_wconf 86' lang='lat' dir='ltr'><strong>sentiam,</strong></span> <span class='ocrx_word' id='word_1_58' title='bbox 715 1395 855 1462; x_wconf 86' lang='lat' dir='ltr'><strong>breuiter</strong></span> <span class='ocrx_word' id='word_1_59' title='bbox 884 1405 916 1462; x_wconf 91' lang='lat' dir='ltr'><strong>et</strong></span> <span class='ocrx_word' id='word_1_60' title='bbox 945 1393 1091 1476; x_wconf 85' lang='lat' dir='ltr'><strong>privatim</strong></span> <span class='ocrx_word' id='word_1_61' title='bbox 1122 1412 1294 1477; x_wconf 81' lang='lat' dir='ltr'><strong>exponere,</strong></span> <span class='ocrx_word' id='word_1_62' title='bbox 1323 1404 1380 1458; x_wconf 88' lang='lat' dir='ltr'><strong>tuo</strong></span> 
     </span>
     <span class='ocr_line' id='line_1_10' title="bbox 295 1493 1380 1578; baseline -0.003 -18"><span class='ocrx_word' id='word_1_63' title='bbox 295 1493 455 1576; x_wconf 85' lang='lat' dir='ltr'><strong>subjicere</strong></span> <span class='ocrx_word' id='word_1_64' title='bbox 473 1493 606 1577; x_wconf 86' lang='lat' dir='ltr'><strong>jndicio,</strong></span> <span class='ocrx_word' id='word_1_65' title='bbox 625 1511 706 1578; x_wconf 81' lang='lat' dir='ltr'><strong>quae</strong></span> <span class='ocrx_word' id='word_1_66' title='bbox 729 1512 865 1576; x_wconf 80' lang='lat' dir='ltr'>expono.</span> <span class='ocrx_word' id='word_1_67' title='bbox 884 1495 985 1561; x_wconf 78' lang='lat' dir='ltr'><strong>Nemo</strong></span> <span class='ocrx_word' id='word_1_68' title='bbox 1007 1495 1092 1561; x_wconf 91' lang='lat' dir='ltr'><strong>enim</strong></span> <span class='ocrx_word' id='word_1_69' title='bbox 1114 1495 1155 1561; x_wconf 92' lang='lat' dir='ltr'><strong>de</strong></span> <span class='ocrx_word' id='word_1_70' title='bbox 1178 1493 1244 1559; x_wconf 89' lang='lat' dir='ltr'><strong>lilio</strong></span> <span class='ocrx_word' id='word_1_71' title='bbox 1264 1494 1380 1559; x_wconf 87' lang='lat' dir='ltr'><strong>melius</strong></span> 
     </span>
     <span class='ocr_line' id='line_1_11' title="bbox 294 1593 1379 1677; baseline 0 -19"><span class='ocrx_word' id='word_1_72' title='bbox 294 1610 388 1676; x_wconf 88' lang='lat' dir='ltr'><strong>quam</strong></span> <span class='ocrx_word' id='word_1_73' title='bbox 416 1605 504 1677; x_wconf 85' lang='lat' dir='ltr'><strong>pater</strong></span> <span class='ocrx_word' id='word_1_74' title='bbox 533 1595 641 1661; x_wconf 87' lang='lat' dir='ltr'><strong>statuit</strong></span> <span class='ocrx_word' id='word_1_75' title='bbox 670 1614 677 1659; x_wconf 93' lang='lat'>:</span> <span class='ocrx_word' id='word_1_76' title='bbox 709 1595 766 1660; x_wconf 88' lang='lat' dir='ltr'><strong>sed</strong></span> <span class='ocrx_word' id='word_1_77' title='bbox 797 1604 829 1659; x_wconf 87' lang='lat' dir='ltr'><strong>tu</strong></span> <span class='ocrx_word' id='word_1_78' title='bbox 860 1595 935 1676; x_wconf 86' lang='lat' dir='ltr'><strong>quid</strong></span> <span class='ocrx_word' id='word_1_79' title='bbox 962 1593 1004 1660; x_wconf 90' lang='lat' dir='ltr'><strong>sit</strong></span> <span class='ocrx_word' id='word_1_80' title='bbox 1030 1604 1153 1676; x_wconf 91' lang='lat' dir='ltr'><strong>patrem</strong></span> <span class='ocrx_word' id='word_1_81' title='bbox 1182 1611 1269 1669; x_wconf 88' lang='lat' dir='ltr'><strong>esse,</strong></span> <span class='ocrx_word' id='word_1_82' title='bbox 1298 1610 1379 1658; x_wconf 90' lang='lat' dir='ltr'><strong>unus</strong></span> 
     </span>
     <span class='ocr_line' id='line_1_12' title="bbox 295 1691 1379 1776; baseline -0.001 -17"><span class='ocrx_word' id='word_1_83' title='bbox 295 1693 437 1759; x_wconf 88' lang='lat' dir='ltr'><strong>omnium</strong></span> <span class='ocrx_word' id='word_1_84' title='bbox 453 1693 572 1774; x_wconf 91' lang='lat' dir='ltr'><strong>optime</strong></span> <span class='ocrx_word' id='word_1_85' title='bbox 588 1693 755 1776; x_wconf 87' lang='lat' dir='ltr'><strong>intelligis.</strong></span> <span class='ocrx_word' id='word_1_86' title='bbox 774 1691 879 1766; x_wconf 81' lang='lat' dir='ltr'><strong>Quare</strong></span> <span class='ocrx_word' id='word_1_87' title='bbox 894 1711 957 1759; x_wconf 93' lang='lat' dir='ltr'><strong>non</strong></span> <span class='ocrx_word' id='word_1_88' title='bbox 980 1703 1043 1759; x_wconf 87' lang='lat' dir='ltr'><strong>tam</strong></span> <span class='ocrx_word' id='word_1_89' title='bbox 1063 1695 1255 1760; x_wconf 88' lang='lat' dir='ltr'><strong>seutentiam</strong></span> <span class='ocrx_word' id='word_1_90' title='bbox 1277 1711 1379 1759; x_wconf 86' lang='lat' dir='ltr'><strong>meam</strong></span> 
     </span>
     <span class='ocr_line' id='line_1_13' title="bbox 296 1792 1381 1876; baseline -0.003 -17"><span class='ocrx_word' id='word_1_91' title='bbox 296 1810 451 1876; x_wconf 84' lang='lat' dir='ltr'><strong>promam,</strong></span> <span class='ocrx_word' id='word_1_92' title='bbox 467 1809 560 1873; x_wconf 83' lang='lat' dir='ltr'><strong>quarn</strong></span> <span class='ocrx_word' id='word_1_93' title='bbox 579 1805 665 1858; x_wconf 88' lang='lat' dir='ltr'><strong>tuarn</strong></span> <span class='ocrx_word' id='word_1_94' title='bbox 682 1792 880 1860; x_wconf 82' lang='lat' dir='ltr'><strong>confirmabo</strong></span> <span class='ocrx_word' id='word_1_95' title='bbox 895 1815 902 1856; x_wconf 91' lang='lat'><strong>:</strong></span> <span class='ocrx_word' id='word_1_96' title='bbox 917 1810 999 1875; x_wconf 85' lang='lat' dir='ltr'><strong>quae</strong></span> <span class='ocrx_word' id='word_1_97' title='bbox 1015 1803 1065 1859; x_wconf 95' lang='grc' dir='ltr'><strong>εει</strong></span> <span class='ocrx_word' id='word_1_98' title='bbox 1079 1793 1306 1876; x_wconf 78' lang='lat' dir='ltr'>compendium</span> <span class='ocrx_word' id='word_1_99' title='bbox 1324 1809 1381 1875; x_wconf 89' lang='lat' dir='ltr'><strong>per</strong></span> 
     </span>
     <span class='ocr_line' id='line_1_14' title="bbox 296 1891 1380 1977; baseline -0.001 -19"><span class='ocrx_word' id='word_1_100' title='bbox 296 1902 341 1959; x_wconf 84' lang='lat' dir='ltr'><strong>tct</strong></span> <span class='ocrx_word' id='word_1_101' title='bbox 362 1893 523 1977; x_wconf 84' lang='lat' dir='ltr'><strong>ambages.</strong></span> <span class='ocrx_word' id='word_1_102' title='bbox 542 1909 600 1974; x_wconf 91' lang='lat' dir='ltr'><strong>per</strong></span> <span class='ocrx_word' id='word_1_103' title='bbox 623 1901 669 1958; x_wconf 88' lang='grc' dir='ltr'><strong>ιοι</strong></span> <span class='ocrx_word' id='word_1_104' title='bbox 695 1892 839 1958; x_wconf 76' lang='lat' dir='ltr'><strong>salebras</strong></span> <span class='ocrx_word' id='word_1_105' title='bbox 863 1909 1039 1974; x_wconf 84' lang='lat' dir='ltr'><strong>quaerere;</strong></span> <span class='ocrx_word' id='word_1_106' title='bbox 1063 1891 1253 1974; x_wconf 86' lang='lat' dir='ltr'><strong>lloridisque</strong></span> <span class='ocrx_word' id='word_1_107' title='bbox 1275 1892 1380 1957; x_wconf 79' lang='lat' dir='ltr'><strong>adnue</strong></span> 
     </span>
     <span class='ocr_line' id='line_1_15' title="bbox 296 1991 1380 2074; baseline 0.001 -19"><span class='ocrx_word' id='word_1_108' title='bbox 296 1991 400 2068; x_wconf 83' lang='lat' dir='ltr'><strong>annis,</strong></span> <span class='ocrx_word' id='word_1_109' title='bbox 418 1991 455 2056; x_wconf 86' lang='lat' dir='ltr'><strong>ad</strong></span> <span class='ocrx_word' id='word_1_110' title='bbox 480 1991 660 2056; x_wconf 87' lang='lat' dir='ltr'><strong>studiorum</strong></span> <span class='ocrx_word' id='word_1_111' title='bbox 685 1992 897 2058; x_wconf 78' lang='lat' dir='ltr'><strong>maturitatem</strong></span> <span class='ocrx_word' id='word_1_112' title='bbox 919 1993 1088 2074; x_wconf 88' lang='lat' dir='ltr'><strong>pervenire</strong></span> <span class='ocrx_word' id='word_1_113' title='bbox 1121 1991 1156 2055; x_wconf 93' lang='lat' dir='ltr'><strong>ln</strong></span> <span class='ocrx_word' id='word_1_114' title='bbox 1180 2009 1279 2072; x_wconf 90' lang='lat' dir='ltr'><strong>puero</strong></span> <span class='ocrx_word' id='word_1_115' title='bbox 1301 2008 1380 2056; x_wconf 86' lang='lat' dir='ltr'><strong>veru</strong></span> 
     </span>
     <span class='ocr_line' id='line_1_16' title="bbox 297 2089 1381 2173; baseline 0.002 -20"><span class='ocrx_word' id='word_1_116' title='bbox 297 2089 411 2173; x_wconf 87' lang='lat' dir='ltr'><strong>partim</strong></span> <span class='ocrx_word' id='word_1_117' title='bbox 427 2089 579 2166; x_wconf 86' lang='lat' dir='ltr'><strong>animum,</strong></span> <span class='ocrx_word' id='word_1_118' title='bbox 598 2091 711 2170; x_wconf 86' lang='lat' dir='ltr'><strong>partim</strong></span> <span class='ocrx_word' id='word_1_119' title='bbox 727 2090 888 2171; x_wconf 77' lang='lat' dir='ltr'><strong>ingenium</strong></span> <span class='ocrx_word' id='word_1_120' title='bbox 906 2101 1028 2173; x_wconf 92' lang='lat' dir='ltr'><strong>specto.</strong></span> <span class='ocrx_word' id='word_1_121' title='bbox 1047 2090 1103 2156; x_wconf 92' lang='lat' dir='ltr'><strong>ltle</strong></span> <span class='ocrx_word' id='word_1_122' title='bbox 1118 2090 1302 2167; x_wconf 88' lang='lat' dir='ltr'><strong>virtutibus,</strong></span> <span class='ocrx_word' id='word_1_123' title='bbox 1319 2091 1381 2155; x_wconf 86' lang='lat' dir='ltr'><strong>lroc</strong></span> 
     </span>
     <span class='ocr_line' id='line_1_17' title="bbox 298 2188 1378 2270; baseline 0 -18"><span class='ocrx_word' id='word_1_124' title='bbox 298 2189 419 2253; x_wconf 87' lang='lat' dir='ltr'><strong>artibus</strong></span> <span class='ocrx_word' id='word_1_125' title='bbox 452 2197 484 2256; x_wconf 90' lang='lat' dir='ltr'><strong>et</strong></span> <span class='ocrx_word' id='word_1_126' title='bbox 516 2188 684 2270; x_wconf 81' lang='lat' dir='ltr'><strong>elegantiis</strong></span> <span class='ocrx_word' id='word_1_127' title='bbox 718 2188 942 2254; x_wconf 86' lang='lat' dir='ltr'><strong>imbuendum.</strong></span> <span class='ocrx_word' id='word_1_128' title='bbox 967 2189 1108 2254; x_wconf 88' lang='lat' dir='ltr'><strong>Virtutes</strong></span> <span class='ocrx_word' id='word_1_129' title='bbox 1138 2189 1378 2255; x_wconf 81' lang='lat' dir='ltr'><strong>tundamentum</strong></span> 
     </span>
     <span class='ocr_line' id='line_1_18' title="bbox 295 2286 1379 2370; baseline 0.003 -20"><span class='ocrx_word' id='word_1_130' title='bbox 295 2287 443 2368; x_wconf 86' lang='lat' dir='ltr'><strong>pietatem</strong></span> <span class='ocrx_word' id='word_1_131' title='bbox 465 2301 503 2352; x_wconf 89' lang='lat' dir='ltr'><strong>ac</strong></span> <span class='ocrx_word' id='word_1_132' title='bbox 525 2286 715 2369; x_wconf 74' lang='lat' dir='ltr'><strong>religionem</strong></span> <span class='ocrx_word' id='word_1_133' title='bbox 737 2288 865 2360; x_wconf 74' lang='lat' dir='ltr'><strong>lra&#39;b&#39;ent.</strong></span> <span class='ocrx_word' id='word_1_134' title='bbox 891 2304 972 2369; x_wconf 83' lang='lat' dir='ltr'><strong>quae</strong></span> <span class='ocrx_word' id='word_1_135' title='bbox 1000 2287 1155 2368; x_wconf 77' lang='lat' dir='ltr'><strong>deinceps</strong></span> <span class='ocrx_word' id='word_1_136' title='bbox 1183 2306 1240 2370; x_wconf 89' lang='lat' dir='ltr'><strong>pro</strong></span> <span class='ocrx_word' id='word_1_137' title='bbox 1270 2289 1379 2366; x_wconf 83' lang='lat' dir='ltr'><strong>indole</strong></span> 
     </span>
     <span class='ocr_line' id='line_1_19' title="bbox 294 2385 1379 2468; baseline -0.001 -17"><span class='ocrx_word' id='word_1_138' title='bbox 294 2403 332 2451; x_wconf 91' lang='lat' dir='ltr'><strong>ac</strong></span> <span class='ocrx_word' id='word_1_139' title='bbox 347 2387 474 2452; x_wconf 81' lang='lat' dir='ltr'><strong>fortuna</strong></span> <span class='ocrx_word' id='word_1_140' title='bbox 490 2385 646 2468; x_wconf 77' lang='lat' dir='ltr'><strong>cuiusque</strong></span> <span class='ocrx_word' id='word_1_141' title='bbox 662 2395 881 2451; x_wconf 88' lang='lat' dir='ltr'><strong>assumuntur.</strong></span> <span class='ocrx_word' id='word_1_142' title='bbox 900 2387 980 2452; x_wconf 75' lang='lat' dir='ltr'><strong>Aliis</strong></span> <span class='ocrx_word' id='word_1_143' title='bbox 995 2387 1080 2451; x_wconf 90' lang='lat' dir='ltr'><strong>enirn</strong></span> <span class='ocrx_word' id='word_1_144' title='bbox 1100 2387 1179 2452; x_wconf 87' lang='lat' dir='ltr'><strong>satis</strong></span> <span class='ocrx_word' id='word_1_145' title='bbox 1194 2397 1244 2452; x_wconf 90' lang='lat' dir='ltr'><strong>est</strong></span> <span class='ocrx_word' id='word_1_146' title='bbox 1264 2387 1379 2452; x_wconf 85' lang='lat' dir='ltr'><strong>libera-</strong></span> 
     </span>
     <span class='ocr_line' id='line_1_20' title="bbox 294 2485 1381 2569; baseline 0 -19"><span class='ocrx_word' id='word_1_147' title='bbox 294 2485 393 2552; x_wconf 88' lang='lat' dir='ltr'><strong>litatis</strong></span> <span class='ocrx_word' id='word_1_148' title='bbox 427 2485 667 2566; x_wconf 86' lang='lat' dir='ltr'><strong>pulchritudine</strong></span> <span class='ocrx_word' id='word_1_149' title='bbox 696 2485 849 2550; x_wconf 83' lang='lat' dir='ltr'><strong>amabiles</strong></span> <span class='ocrx_word' id='word_1_150' title='bbox 882 2502 979 2562; x_wconf 87' lang='lat' dir='ltr'><strong>esse;</strong></span> <span class='ocrx_word' id='word_1_151' title='bbox 1017 2487 1099 2552; x_wconf 90' lang='lat' dir='ltr'><strong>alios</strong></span> <span class='ocrx_word' id='word_1_152' title='bbox 1127 2486 1381 2569; x_wconf 83' lang='lat' dir='ltr'><strong>magnificentiae</strong></span> 
     </span>
     <span class='ocr_line' id='line_1_21' title="bbox 295 2583 1383 2666; baseline -0.002 -16"><span class='ocrx_word' id='word_1_153' title='bbox 295 2585 424 2650; x_wconf 87' lang='lat' dir='ltr'><strong>heroica</strong></span> <span class='ocrx_word' id='word_1_154' title='bbox 449 2584 604 2666; x_wconf 81' lang='lat' dir='ltr'><strong>quaedam</strong></span> <span class='ocrx_word' id='word_1_155' title='bbox 632 2583 782 2666; x_wconf 85' lang='lat' dir='ltr'><strong>majestas</strong></span> <span class='ocrx_word' id='word_1_156' title='bbox 809 2584 901 2650; x_wconf 89' lang='lat' dir='ltr'><strong>decet</strong></span> <span class='ocrx_word' id='word_1_157' title='bbox 926 2605 934 2648; x_wconf 89' lang='lat'><strong>:</strong></span> <span class='ocrx_word' id='word_1_158' title='bbox 959 2586 1051 2666; x_wconf 83' lang='lat' dir='ltr'><strong>quasi</strong></span> <span class='ocrx_word' id='word_1_159' title='bbox 1075 2584 1192 2658; x_wconf 87' lang='lat' dir='ltr'><strong>dicam,</strong></span> <span class='ocrx_word' id='word_1_160' title='bbox 1209 2595 1241 2650; x_wconf 89' lang='lat' dir='ltr'><strong>et</strong></span> <span class='ocrx_word' id='word_1_161' title='bbox 1263 2587 1295 2648; x_wconf 92' lang='lat' dir='ltr'><strong>iu</strong></span> <span class='ocrx_word' id='word_1_162' title='bbox 1318 2587 1383 2648; x_wconf 88' lang='lat' dir='ltr'><strong>vir-</strong></span> 
     </span>
     <span class='ocr_line' id='line_1_22' title="bbox 295 2682 1382 2766; baseline -0.002 -16"><span class='ocrx_word' id='word_1_163' title='bbox 295 2685 416 2751; x_wconf 89' lang='lat' dir='ltr'><strong>tutibus</strong></span> <span class='ocrx_word' id='word_1_164' title='bbox 438 2685 553 2766; x_wconf 88' lang='lat' dir='ltr'><strong>vulgus</strong></span> <span class='ocrx_word' id='word_1_165' title='bbox 576 2701 661 2760; x_wconf 85' lang='lat' dir='ltr'><strong>esse,</strong></span> <span class='ocrx_word' id='word_1_166' title='bbox 689 2683 812 2766; x_wconf 83' lang='lat' dir='ltr'><strong>aliquas</strong></span> <span class='ocrx_word' id='word_1_167' title='bbox 842 2694 953 2749; x_wconf 86' lang='lat' dir='ltr'><strong>contra</strong></span> <span class='ocrx_word' id='word_1_168' title='bbox 980 2684 1131 2749; x_wconf 90' lang='lat' dir='ltr'><strong>eminere.</strong></span> <span class='ocrx_word' id='word_1_169' title='bbox 1159 2682 1278 2749; x_wconf 86' lang='lat' dir='ltr'><strong>Omnes</strong></span> <span class='ocrx_word' id='word_1_170' title='bbox 1305 2701 1382 2750; x_wconf 87' lang='lat' dir='ltr'><strong>vero</strong></span> 
     </span>
     <span class='ocr_line' id='line_1_23' title="bbox 296 2783 1381 2866; baseline 0 -17"><span class='ocrx_word' id='word_1_171' title='bbox 296 2783 398 2849; x_wconf 89' lang='lat' dir='ltr'><strong>discet</strong></span> <span class='ocrx_word' id='word_1_172' title='bbox 425 2800 504 2866; x_wconf 91' lang='lat' dir='ltr'><strong>puer</strong></span> <span class='ocrx_word' id='word_1_173' title='bbox 529 2783 689 2864; x_wconf 88' lang='lat' dir='ltr'><strong>ingenuus</strong></span> <span class='ocrx_word' id='word_1_174' title='bbox 712 2792 744 2848; x_wconf 90' lang='grc' dir='ltr'><strong>ει</strong></span> <span class='ocrx_word' id='word_1_175' title='bbox 769 2783 885 2849; x_wconf 90' lang='lat' dir='ltr'><strong>illustri</strong></span> <span class='ocrx_word' id='word_1_176' title='bbox 909 2783 981 2849; x_wconf 94' lang='lat' dir='ltr'><strong>loco</strong></span> <span class='ocrx_word' id='word_1_177' title='bbox 1009 2793 1118 2860; x_wconf 89' lang='lat' dir='ltr'><strong>natus,</strong></span> <span class='ocrx_word' id='word_1_178' title='bbox 1143 2794 1177 2848; x_wconf 90' lang='lat' dir='ltr'><strong>ut</strong></span> <span class='ocrx_word' id='word_1_179' title='bbox 1203 2784 1381 2865; x_wconf 82' lang='lat' dir='ltr'><strong>peculiares</strong></span> 
     </span>
     <span class='ocr_line' id='line_1_24' title="bbox 296 2882 1379 2966; baseline -0.002 -18"><span class='ocrx_word' id='word_1_180' title='bbox 296 2884 449 2966; x_wconf 85' lang='lat' dir='ltr'><strong>quasdem</strong></span> <span class='ocrx_word' id='word_1_181' title='bbox 467 2883 637 2964; x_wconf 90' lang='lat' dir='ltr'><strong>praecipue</strong></span> <span class='ocrx_word' id='word_1_182' title='bbox 652 2893 812 2949; x_wconf 86' lang='lat' dir='ltr'><strong>exerceat.</strong></span> <span class='ocrx_word' id='word_1_183' title='bbox 829 2882 904 2948; x_wconf 89' lang='lat' dir='ltr'><strong>Sine</strong></span> <span class='ocrx_word' id='word_1_184' title='bbox 919 2883 991 2948; x_wconf 87' lang='lat' dir='ltr'><strong>cibo</strong></span> <span class='ocrx_word' id='word_1_185' title='bbox 1014 2900 1107 2949; x_wconf 86' lang='lat' dir='ltr'><strong>neruo</strong></span> <span class='ocrx_word' id='word_1_186' title='bbox 1123 2883 1211 2960; x_wconf 85' lang='lat' dir='ltr'><strong>vivit,</strong></span> <span class='ocrx_word' id='word_1_187' title='bbox 1229 2884 1300 2948; x_wconf 91' lang='lat' dir='ltr'><strong>sine</strong></span> <span class='ocrx_word' id='word_1_188' title='bbox 1315 2885 1379 2946; x_wconf 84' lang='lat' dir='ltr'><strong>vir-</strong></span> 
     </span>
     <span class='ocr_line' id='line_1_25' title="bbox 298 2981 1380 3066; baseline 0.001 -17"><span class='ocrx_word' id='word_1_189' title='bbox 298 2993 365 3049; x_wconf 90' lang='lat' dir='ltr'><strong>tute</strong></span> <span class='ocrx_word' id='word_1_190' title='bbox 392 2998 485 3050; x_wconf 89' lang='lat' dir='ltr'><strong>nemo</strong></span> <span class='ocrx_word' id='word_1_191' title='bbox 512 2999 646 3065; x_wconf 88' lang='lat' dir='ltr'><strong>maguus</strong></span> <span class='ocrx_word' id='word_1_192' title='bbox 672 2993 722 3048; x_wconf 90' lang='lat' dir='ltr'><strong>est</strong></span> <span class='ocrx_word' id='word_1_193' title='bbox 748 3005 756 3046; x_wconf 74' lang='grc' dir='ltr'><strong>ε</strong></span> <span class='ocrx_word' id='word_1_194' title='bbox 784 2981 841 3047; x_wconf 91' lang='lat' dir='ltr'><strong>sed</strong></span> <span class='ocrx_word' id='word_1_195' title='bbox 869 2999 978 3065; x_wconf 90' lang='lat' dir='ltr'><strong>regum</strong></span> <span class='ocrx_word' id='word_1_196' title='bbox 1006 2993 1111 3049; x_wconf 89' lang='lat' dir='ltr'><strong>tamen</strong></span> <span class='ocrx_word' id='word_1_197' title='bbox 1137 2983 1380 3066; x_wconf 85' lang='lat' dir='ltr'><strong>principumque</strong></span> 
     </span>
     <span class='ocr_line' id='line_1_26' title="bbox 299 3081 1381 3163; baseline 0 -17"><span class='ocrx_word' id='word_1_198' title='bbox 299 3097 427 3148; x_wconf 88' lang='lat' dir='ltr'><strong>mensae</strong></span> <span class='ocrx_word' id='word_1_199' title='bbox 442 3081 568 3148; x_wconf 89' lang='lat' dir='ltr'><strong>deliciis</strong></span> <span class='ocrx_word' id='word_1_200' title='bbox 586 3099 649 3147; x_wconf 91' lang='lat' dir='ltr'><strong>non</strong></span> <span class='ocrx_word' id='word_1_201' title='bbox 666 3081 788 3163; x_wconf 87' lang='lat' dir='ltr'><strong>plebeis</strong></span> <span class='ocrx_word' id='word_1_202' title='bbox 806 3083 920 3146; x_wconf 89' lang='lat' dir='ltr'><strong>instrui</strong></span> <span class='ocrx_word' id='word_1_203' title='bbox 934 3083 1052 3147; x_wconf 87' lang='lat' dir='ltr'><strong>solent.</strong></span> <span class='ocrx_word' id='word_1_204' title='bbox 1067 3081 1228 3148; x_wconf 85' lang='lat' dir='ltr'><strong>Ornentur</strong></span> <span class='ocrx_word' id='word_1_205' title='bbox 1239 3085 1381 3148; x_wconf 88' lang='lat' dir='ltr'><strong>omnium</strong></span> 
     </span>
     <span class='ocr_line' id='line_1_27' title="bbox 220 3181 1382 3264; baseline -0.001 -18"><span class='ocrx_word' id='word_1_206' title='bbox 220 3211 221 3214; x_wconf 36' lang='lat'>¹</span> <span class='ocrx_word' id='word_1_207' title='bbox 297 3181 407 3260; x_wconf 79' lang='lat' dir='ltr'><strong>animi,</strong></span> <span class='ocrx_word' id='word_1_208' title='bbox 435 3188 469 3246; x_wconf 89' lang='lat' dir='ltr'><strong>ut</strong></span> <span class='ocrx_word' id='word_1_209' title='bbox 493 3181 570 3247; x_wconf 84' lang='lat' dir='ltr'><strong>boul</strong></span> <span class='ocrx_word' id='word_1_210' title='bbox 596 3182 680 3256; x_wconf 86' lang='lat' dir='ltr'><strong>sint;</strong></span> <span class='ocrx_word' id='word_1_211' title='bbox 710 3181 741 3244; x_wconf 83' lang='lat' dir='ltr'><strong>lsi</strong></span> <span class='ocrx_word' id='word_1_212' title='bbox 769 3181 958 3264; x_wconf 83' lang='lat' dir='ltr'><strong>grandiores</strong></span> <span class='ocrx_word' id='word_1_213' title='bbox 984 3182 1080 3247; x_wconf 90' lang='lat' dir='ltr'><strong>etiam</strong></span> <span class='ocrx_word' id='word_1_214' title='bbox 1107 3181 1309 3263; x_wconf 88' lang='lat' dir='ltr'><strong>splendeant.</strong></span> <span class='ocrx_word' id='word_1_215' title='bbox 1336 3183 1382 3246; x_wconf 80' lang='lat' dir='ltr'><strong>nb</strong></span> 
     </span>
     <span class='ocr_line' id='line_1_28' title="bbox 297 3279 1382 3364; baseline 0.006 -19"><span class='ocrx_word' id='word_1_216' title='bbox 297 3279 403 3345; x_wconf 89' lang='lat' dir='ltr'><strong>animo</strong></span> <span class='ocrx_word' id='word_1_217' title='bbox 419 3288 522 3346; x_wconf 90' lang='lat' dir='ltr'><strong>tamen</strong></span> <span class='ocrx_word' id='word_1_218' title='bbox 539 3279 577 3344; x_wconf 88' lang='lat' dir='ltr'><strong>ad</strong></span> <span class='ocrx_word' id='word_1_219' title='bbox 596 3280 759 3362; x_wconf 89' lang='lat' dir='ltr'><strong>ingenium</strong></span> <span class='ocrx_word' id='word_1_220' title='bbox 775 3296 903 3362; x_wconf 85' lang='lat' dir='ltr'><strong>quoque</strong></span> <span class='ocrx_word' id='word_1_221' title='bbox 919 3281 1111 3346; x_wconf 88' lang='lat' dir='ltr'><strong>veniendum</strong></span> <span class='ocrx_word' id='word_1_222' title='bbox 1127 3292 1189 3347; x_wconf 89' lang='grc' dir='ltr'><strong>εει.</strong></span> <span class='ocrx_word' id='word_1_223' title='bbox 1203 3281 1382 3364; x_wconf 81' lang='lat' dir='ltr'><strong>Ingenium,</strong></span> 
     </span>
     <span class='ocr_line' id='line_1_29' title="bbox 300 3379 1383 3462; baseline 0.001 -18"><span class='ocrx_word' id='word_1_224' title='bbox 300 3389 332 3444; x_wconf 93' lang='lat' dir='ltr'><strong>ut</strong></span> <span class='ocrx_word' id='word_1_225' title='bbox 347 3379 423 3454; x_wconf 78' lang='lat' dir='ltr'><strong>dixi,</strong></span> <span class='ocrx_word' id='word_1_226' title='bbox 441 3379 562 3444; x_wconf 87' lang='lat' dir='ltr'><strong>artibus</strong></span> <span class='ocrx_word' id='word_1_227' title='bbox 577 3390 608 3444; x_wconf 92' lang='lat' dir='ltr'><strong>ct</strong></span> <span class='ocrx_word' id='word_1_228' title='bbox 630 3379 797 3462; x_wconf 88' lang='lat' dir='ltr'><strong>elegantiis</strong></span> <span class='ocrx_word' id='word_1_229' title='bbox 819 3379 936 3445; x_wconf 90' lang='lat' dir='ltr'><strong>colitur</strong></span> <span class='ocrx_word' id='word_1_230' title='bbox 952 3401 960 3442; x_wconf 75' lang='grc' dir='ltr'><strong>ι</strong></span> <span class='ocrx_word' id='word_1_231' title='bbox 978 3382 1112 3458; x_wconf 76' lang='lat' dir='ltr'><strong>arabus,</strong></span> <span class='ocrx_word' id='word_1_232' title='bbox 1130 3396 1211 3462; x_wconf 87' lang='lat' dir='ltr'><strong>quas</strong></span> <span class='ocrx_word' id='word_1_233' title='bbox 1234 3382 1383 3446; x_wconf 76' lang='lat' dir='ltr'><strong>litterales</strong></span> 
     </span>
     <span class='ocr_line' id='line_1_30' title="bbox 298 3477 1382 3562; baseline 0.001 -20"><span class='ocrx_word' id='word_1_234' title='bbox 298 3479 512 3560; x_wconf 85' lang='lat' dir='ltr'><strong>appellamus;</strong></span> <span class='ocrx_word' id='word_1_235' title='bbox 536 3477 716 3558; x_wconf 85' lang='lat' dir='ltr'><strong>elegantiis,</strong></span> <span class='ocrx_word' id='word_1_236' title='bbox 740 3493 822 3560; x_wconf 88' lang='lat' dir='ltr'><strong>quae</strong></span> <span class='ocrx_word' id='word_1_237' title='bbox 843 3477 1025 3560; x_wconf 87' lang='lat' dir='ltr'><strong>linguarum</strong></span> <span class='ocrx_word' id='word_1_238' title='bbox 1048 3481 1092 3558; x_wconf 87' lang='lat' dir='ltr'><strong>(ut</strong></span> <span class='ocrx_word' id='word_1_239' title='bbox 1115 3497 1222 3545; x_wconf 88' lang='lat' dir='ltr'><strong>mores</strong></span> <span class='ocrx_word' id='word_1_240' title='bbox 1242 3479 1382 3562; x_wconf 87' lang='lat' dir='ltr'><strong>regionis</strong></span> 
     </span>
     <span class='ocr_line' id='line_1_31' title="bbox 300 3575 1378 3660; baseline 0.005 -22"><span class='ocrx_word' id='word_1_241' title='bbox 300 3575 395 3657; x_wconf 77' lang='lat' dir='ltr'><strong>liuius</strong></span> <span class='ocrx_word' id='word_1_242' title='bbox 411 3584 441 3641; x_wconf 90' lang='lat' dir='ltr'><strong>et</strong></span> <span class='ocrx_word' id='word_1_243' title='bbox 456 3575 525 3640; x_wconf 88' lang='lat' dir='ltr'><strong>aevi</strong></span> <span class='ocrx_word' id='word_1_244' title='bbox 542 3577 625 3653; x_wconf 88' lang='lat' dir='ltr'><strong>sunt)</strong></span> <span class='ocrx_word' id='word_1_245' title='bbox 642 3576 794 3642; x_wconf 88' lang='lat' dir='ltr'><strong>varietate</strong></span> <span class='ocrx_word' id='word_1_246' title='bbox 809 3584 969 3641; x_wconf 85' lang='lat' dir='ltr'><strong>constant.</strong></span> <span class='ocrx_word' id='word_1_247' title='bbox 986 3575 1020 3640; x_wconf 93' lang='lat' dir='ltr'><strong>ln</strong></span> <span class='ocrx_word' id='word_1_248' title='bbox 1037 3578 1155 3660; x_wconf 88' lang='lat' dir='ltr'><strong>linguis</strong></span> <span class='ocrx_word' id='word_1_249' title='bbox 1168 3579 1249 3644; x_wconf 86' lang='lat' dir='ltr'><strong>aliae</strong></span> <span class='ocrx_word' id='word_1_250' title='bbox 1263 3587 1378 3651; x_wconf 84' lang='lat' dir='ltr'><strong>mutae,</strong></span> 
     </span>
     <span class='ocr_line' id='line_1_32' title="bbox 300 3673 1379 3760; baseline 0.003 -19"><span class='ocrx_word' id='word_1_251' title='bbox 300 3685 332 3741; x_wconf 90' lang='lat' dir='ltr'><strong>et</strong></span> <span class='ocrx_word' id='word_1_252' title='bbox 357 3675 448 3757; x_wconf 87' lang='lat' dir='ltr'><strong>quasi</strong></span> <span class='ocrx_word' id='word_1_253' title='bbox 478 3686 644 3752; x_wconf 87' lang='lat' dir='ltr'><strong>mortuae,</strong></span> <span class='ocrx_word' id='word_1_254' title='bbox 673 3673 781 3740; x_wconf 79' lang='lat' dir='ltr'><strong>Latina</strong></span> <span class='ocrx_word' id='word_1_255' title='bbox 810 3687 841 3740; x_wconf 88' lang='lat' dir='ltr'><strong>et</strong></span> <span class='ocrx_word' id='word_1_256' title='bbox 870 3675 990 3742; x_wconf 87' lang='lat' dir='ltr'><strong>Graeca</strong></span> <span class='ocrx_word' id='word_1_257' title='bbox 1022 3695 1031 3742; x_wconf 75' lang='grc' dir='ltr'><strong>ε</strong></span> <span class='ocrx_word' id='word_1_258' title='bbox 1062 3681 1142 3743; x_wconf 91' lang='lat' dir='ltr'><strong>aliae</strong></span> <span class='ocrx_word' id='word_1_259' title='bbox 1170 3679 1379 3760; x_wconf 83' lang='lat' dir='ltr'><strong>peregrinae,</strong></span> 
     </span>
    </p>
   </div>
   <div class='ocr_carea' id='block_1_6' title="bbox 335 3872 1385 3947">
    <p class='ocr_par' dir='ltr' id='par_1_6' title="bbox 335 3872 1385 3947">
     <span class='ocr_line' id='line_1_33' title="bbox 335 3872 1385 3947; baseline 0.006 -19"><span class='ocrx_word' id='word_1_260' title='bbox 335 3872 369 3946; x_wconf 77' lang='lat' dir='ltr'><strong>(ll</strong></span> <span class='ocrx_word' id='word_1_261' title='bbox 388 3875 465 3929; x_wconf 79' lang='lat' dir='ltr'><strong>Getta</strong></span> <span class='ocrx_word' id='word_1_262' title='bbox 479 3875 559 3930; x_wconf 83' lang='lat' dir='ltr'><strong>lettre</strong></span> <span class='ocrx_word' id='word_1_263' title='bbox 572 3893 588 3929; x_wconf 84' lang='lat' dir='ltr'><strong>a</strong></span> <span class='ocrx_word' id='word_1_264' title='bbox 601 3873 645 3930; x_wconf 74' lang='lat' dir='ltr'><strong>eta</strong></span> <span class='ocrx_word' id='word_1_265' title='bbox 658 3874 779 3947; x_wconf 79' lang='lat' dir='ltr'><strong>publit&#39;se,</strong></span> <span class='ocrx_word' id='word_1_266' title='bbox 794 3877 863 3932; x_wconf 77' lang='lat' dir='ltr'><strong>dens</strong></span> <span class='ocrx_word' id='word_1_267' title='bbox 876 3877 1045 3933; x_wconf 82' lang='lat' dir='ltr'><strong>l¹dnnuatre</strong></span> <span class='ocrx_word' id='word_1_268' title='bbox 1062 3884 1095 3932; x_wconf 78' lang='lat' dir='ltr'><strong>de</strong></span> <span class='ocrx_word' id='word_1_269' title='bbox 1108 3878 1284 3935; x_wconf 74' lang='lat' dir='ltr'><strong>l&#39;Untuer-ritat</strong></span> <span class='ocrx_word' id='word_1_270' title='bbox 1297 3883 1385 3934; x_wconf 73' lang='lat' dir='ltr'><strong>estne</strong></span> 
     </span>
    </p>
   </div>
   <div class='ocr_carea' id='block_1_7' title="bbox 268 3965 1383 4221">
    <p class='ocr_par' dir='ltr' id='par_1_7' title="bbox 268 3965 1383 4221">
     <span class='ocr_line' id='line_1_34' title="bbox 300 3965 1383 4039; baseline 0.006 -21"><span class='ocrx_word' id='word_1_271' title='bbox 300 3969 382 4032; x_wconf 79' lang='lat' dir='ltr'><strong>tique,</strong></span> <span class='ocrx_word' id='word_1_272' title='bbox 390 3965 469 4033; x_wconf 79' lang='lat'>1852,</span> <span class='ocrx_word' id='word_1_273' title='bbox 480 3965 795 4039; x_wconf 76' lang='lat' dir='ltr'><strong>(pp.319-3·22),u¹apres</strong></span> <span class='ocrx_word' id='word_1_274' title='bbox 805 3967 945 4039; x_wconf 80' lang='lat' dir='ltr'><strong>l&#39;ourrege</strong></span> <span class='ocrx_word' id='word_1_275' title='bbox 955 3969 1044 4024; x_wconf 81' lang='lat' dir='ltr'><strong>Enrcl</strong></span> <span class='ocrx_word' id='word_1_276' title='bbox 1055 3971 1180 4026; x_wconf 69' lang='lat' dir='ltr'><strong>Pereunt</strong></span> <span class='ocrx_word' id='word_1_277' title='bbox 1192 3972 1383 4038; x_wconf 77' lang='lat' dir='ltr'><strong>Epistularum</strong></span> 
     </span>
     <span class='ocr_line' id='line_1_35' title="bbox 300 4061 1382 4132; baseline 0.009 -23"><span class='ocrx_word' id='word_1_278' title='bbox 300 4065 451 4122; x_wconf 79' lang='lat' dir='ltr'><strong>apparatus</strong></span> <span class='ocrx_word' id='word_1_279' title='bbox 471 4073 567 4121; x_wconf 74' lang='lat' dir='ltr'><strong>noctu,</strong></span> <span class='ocrx_word' id='word_1_280' title='bbox 589 4063 620 4110; x_wconf 87' lang='lat' dir='ltr'><strong>tn</strong></span> <span class='ocrx_word' id='word_1_281' title='bbox 639 4064 781 4113; x_wconf 65' lang='lat' dir='ltr'><strong>centurias</strong></span> <span class='ocrx_word' id='word_1_282' title='bbox 797 4063 978 4124; x_wconf 60' lang='lat' dir='ltr'><strong>alatrinum</strong></span> <span class='ocrx_word' id='word_1_283' title='bbox 998 4061 1172 4132; x_wconf 84' lang='lat' dir='ltr'><strong>Autverpiae,</strong></span> <span class='ocrx_word' id='word_1_284' title='bbox 1195 4063 1275 4121; x_wconf 71' lang='lat' dir='ltr'><strong>loun.</strong></span> <span class='ocrx_word' id='word_1_285' title='bbox 1296 4063 1382 4119; x_wconf 85' lang='lat' dir='ltr'><strong>Cucb·</strong></span> 
     </span>
     <span class='ocr_line' id='line_1_36' title="bbox 268 4145 879 4221; baseline 0.008 -19"><span class='ocrx_word' id='word_1_286' title='bbox 268 4173 274 4188; x_wconf 87' lang='lat'><strong>·</strong></span> <span class='ocrx_word' id='word_1_287' title='bbox 300 4146 395 4211; x_wconf 74' lang='lat' dir='ltr'><strong>beros,</strong></span> <span class='ocrx_word' id='word_1_288' title='bbox 414 4145 499 4216; x_wconf 76' lang='lat'>16453</span> <span class='ocrx_word' id='word_1_289' title='bbox 514 4147 569 4204; x_wconf 89' lang='lat' dir='ltr'><strong>rol.</strong></span> <span class='ocrx_word' id='word_1_290' title='bbox 585 4147 689 4212; x_wconf 80' lang='lat' dir='ltr'><strong>ita-32⁰,</strong></span> <span class='ocrx_word' id='word_1_291' title='bbox 705 4167 751 4221; x_wconf 83' lang='lat' dir='ltr'><strong>pp.</strong></span> <span class='ocrx_word' id='word_1_292' title='bbox 766 4149 879 4208; x_wconf 72' lang='lat' dir='ltr'><strong>lid-102.</strong></span> 
     </span>
    </p>
   </div>
   <div class='ocr_carea' id='block_1_8' title="bbox 0 0 1631 4942">
    <p class='ocr_par' dir='ltr' id='par_1_8' title="bbox 0 0 1631 4942">
     <span class='ocr_line' id='line_1_37' title="bbox 0 0 1631 4942; baseline 0 0"><span class='ocrx_word' id='word_1_293' title='bbox 0 0 1631 4942; x_wconf 95' lang='lat' dir='ltr'><strong> </strong></span> 
     </span>
    </p>
   </div>
  </div>
 </body>
</html>
