3236 4952
721 441 906 504 —lltl-

254 638 320 704 888
335 621 499 688 decretum
514 621 628 686 tulerat
643 621 684 686 de
699 620 861 686 erectione
872 619 1037 686 seminarii
1053 620 1225 701 generalis,
1241 637 1341 702 88888

257 729 344 786 18818
370 720 524 801 temporis
550 719 718 786 intervallo
745 718 823 782 nihil
851 720 881 782 in
906 736 945 784 eo
967 719 1122 800 erigendo
1148 719 1337 800 prolecisse,

254 819 380 885 censuit
395 820 521 884 tandem
539 837 606 885 rem
622 819 652 882 vi
672 819 722 900 agi
738 819 867 884 debere.
887 817 1108 883 Universitatis
1134 818 1231 898 igitur
1247 818 1341 882 liber-

256 924 351 982 tatem
378 918 505 998 penitus
530 918 692 999 oppressit
719 917 853 999 eiusque
876 917 1041 998 privilegia
1063 933 1101 981 ac
1122 917 1240 981 decora
1267 933 1339 980 sus·

254 1017 338 1081 tulit.
353 1015 523 1081 Facultatis
536 1016 630 1097 juris,
647 1015 825 1082 medicinae
848 1032 883 1080 88
899 1016 1013 1079 artium
1026 1015 1191 1079 Bruxellas
1212 1015 1340 1080 luerunt

254 1115 438 1190 translatae,
460 1115 550 1178 initio
576 1133 692 1180 cursus
720 1115 786 1180 illio
810 1114 947 1180 habendi
974 1114 1014 1178 ad
1040 1115 1124 1178 diem
1153 1114 1168 1175 1
1197 1113 1340 1177 octobris

254 1211 333 1277 1788
349 1214 527 1295 designato.
548 1215 705 1295 Dissipata
719 1215 849 1294 antiqua
866 1214 1016 1278 facultate
1033 1212 1225 1294 theologica,
1240 1212 1339 1291 impe-

250 1322 338 1378 rator
367 1313 498 1379 lovanii
533 1315 670 1379 instituit
705 1315 877 1394 collegium
915 1313 1135 1394 professorum
1171 1309 1335 1376 seminarii

254 1413 426 1494 generalis,
443 1413 528 1494 quod
545 1413 670 1478 titulum
689 1413 817 1494 atridem
834 1412 895 1476 sibi
912 1411 1051 1493 sumpsit
1074 1410 1232 1475 facultatis
1249 1409 1339 1473 theo·

255 1509 395 1592 logicae;
431 1513 489 1577 sed
527 1512 697 1578 immerito.
733 1512 870 1593 Antiqua
906 1511 991 1576 enim
1029 1509 1163 1574 lacultas
1199 1508 1337 1573 officium

255 1609 391 1674 docendi
414 1627 451 1676 ac
473 1611 664 1686 instruendi,
683 1613 768 1693 8888
791 1613 823 1675 18
846 1612 990 1676 Ecclesia
1015 1611 1068 1676 [lei
1090 1610 1233 1691 gerebat,
1251 1608 1338 1672 sedis

254 1709 451 1787 apostolicae
472 1711 662 1775 auctoritate
686 1710 865 1775 exercebat.
882 1710 972 1774 lianc
994 1709 1079 1774 enim
1101 1709 1131 1773 81
1148 1715 1337 1789 potestatem

255 1821 340 1870 anno
357 1807 433 1870 1131
460 1809 579 1874 lecerat
594 1809 756 1891 Eugenius
781 1826 861 1891 papa
876 1810 926 1872 lV.
945 1811 1061 1875 l’erum
1084 1809 1116 1872 in
1133 1809 1195 1872 hoc
1215 1806 1337 1872 recenti

255 1905 393 1987 collegio
410 1924 512 1988 88888
528 1910 724 1990 apostolicae
746 1910 846 1982 sedis,
865 1927 969 1991 neque
991 1909 1217 1989 episcoporum
1240 1906 1338 1970 inter·

254 2004 353 2069 cessit
375 2007 560 2072 auctoritas.
585 2009 720 2088 insuper
748 2008 882 2086 (Valerio
908 2009 1035 2072 hndrea
1058 2016 1151 2080 teste,
1176 2005 1208 2069 in
1235 2005 1340 2069 Fastis

255 2106 449 2180 academicis,
467 2124 498 2186 p.
518 2107 578 2184 8l),
603 2131 620 2166 a
634 2108 803 2188 collegium
827 2107 1025 2171 ordinarium
1049 2106 1144 2186 huius
1167 2103 1337 2178 facultatis,

256 2204 374 2283 18888
401 2205 547 2269 strictum
576 2216 703 2280 vocant,
731 2205 932 2272 constituunt
960 2206 1111 2270 doctores
1141 2213 1226 2279 octo,
1257 2217 1340 2284 quos

254 2311 440 2382 »regentes
469 2312 500 2368 81
529 2305 724 2386 legentes...
757 2322 942 2386 nuncupare
973 2304 1108 2386 placuit;
1137 2304 1210 2385 quia
1240 2319 1340 2384 penes

257 2423 271 2460 n
289 2401 350 2466 hos
363 2401 452 2466 solos
464 2411 513 2467 est
529 2403 671 2481 regimen
681 2404 812 2469 scholae
825 2404 1079 2485 theologicae...
1092 2404 1194 2468 Penes
1207 2402 1338 2466 eosdem

254 2501 384 2565 »etiam
410 2512 472 2578 est,
499 2502 677 2569 decedente
702 2503 809 2585 811888
840 2503 1047 2584 collegarum,
1074 2503 1127 2584 jus
1152 2500 1338 2566 assumendi

257 2622 271 2659 n
288 2601 397 2675 aliurn,
415 2601 512 2683 18888
527 2618 546 2666 8
563 2619 696 2667 numero
723 2603 859 2668 aliorum
879 2603 1061 2667 doctorum.
1082 2624 1094 2660 n
1112 2601 1235 2665 Novum
1261 2615 1339 2664 vcro

255 2700 475 2782 professorum
498 2701 668 2782 collegium
692 2701 822 2766 lovanii
847 2718 909 2765 non
937 2701 1104 2765 constabat
1126 2700 1188 2763 nisi
1212 2697 1337 2763 duobus

255 2815 368 2865 sacrae
380 2800 560 2882 tneologiac
575 2801 763 2868 doctoribus
782 2805 862 2878 lnam
881 2801 995 2865 tertius
1011 2798 1223 2880 Luxemburgi
1240 2796 1337 2862 semi-

255 2900 347 2964 nario
363 2899 451 2963 filiali
465 2905 616 2981 praeratt;
629 2901 728 2966 ceteri
744 2911 835 2966 erant
850 2917 962 2966 sacrae
978 2901 1158 2981 theologiae
1170 2896 1337 2971 licentiati,

256 3015 339 3062 unus
355 2998 449 3062 etiam
472 2999 635 3064 dumtaxat
657 3001 896 3066 baccalaureus.
920 3000 968 3062 hd
985 3001 1046 3064 hos
1069 2999 1280 3064 institutionis
1302 3015 1340 3063 88

255 3096 377 3162 formae
392 3097 537 3163 delectus
553 3111 735 3164 accesserat
751 3099 833 3163 alius
850 3115 915 3163 non
936 3099 1042 3164 minus
1057 3099 1176 3181 gravis,
1195 3099 1340 3164 delectus

254 3196 404 3260 nimirum
421 3197 641 3263 orthodoxiae.

296 3295 503 3374 imperatoris
516 3297 665 3360 mandato
681 3297 721 3360 de
733 3296 785 3360 die
800 3297 819 3359 l
834 3296 1203 3362 18118888111789888888
1218 3296 1340 3361 archie-

256 3395 390 3475 piscopo
413 3395 598 3476 injungitur,
625 3404 658 3459 nt
682 3395 853 3459 lovanium
877 3413 913 3460 se
936 3399 1092 3468 conterat,
1113 3395 1244 3476 11118888
1268 3412 1341 3476 per·

255 3501 392 3568 maneat,
410 3493 514 3558 donec
529 3494 569 3558 de
584 3493 772 3558 orthodoxia
796 3493 881 3558 illius
897 3495 1074 3564 doctrinae.
1093 3510 1173 3574 8888
1197 3494 1229 3555 18
1245 3493 1340 3559 semi-

256 3591 346 3656 nario
373 3592 514 3672 generali
542 3593 687 3666 traditur,
715 3593 869 3673 judicium
900 3594 990 3657 leuat.
1020 3593 1140 3656 Dubius
1167 3592 1341 3673 arclriepls·

252 3691 538 3771 copus-diversis
568 3691 694 3757 diversa
725 3693 940 3773 opinantibus,
968 3692 1021 3756 818
1050 3693 1069 3756 t
1100 3692 1203 3754 martii
1234 3691 1340 3756 denuo

255 3789 434 3854 minacibus
462 3800 591 3871 urgetur
621 3792 742 3869 literis;
772 3793 899 3856 tandem
929 3791 1044 3856 diebus
1075 3791 1177 3855 tribus
1208 3789 1339 3870 elapsis,

256 3887 430 3954 Loraninm
456 3890 682 3970 proficiscitur,
701 3892 731 3954 in
754 3891 880 3955 abbatia
903 3892 1003 3956 nobili
1026 3901 1156 3956 sanctae
1172 3889 1341 3954 Gertrudis

255 3987 397 4068 hospitio
412 3999 574 4070 receptus.
589 3990 623 4052 ln
639 3991 750 4054 eadem
768 3990 891 4054 abbatia
907 4005 1038 4056 examen
1055 3988 1204 4060 institnit.
1224 4003 1341 4068 propo·

256 4085 327 4150 sitis
353 4087 608 4167 quaestionibus,
632 4089 670 4152 ad
702 4105 782 4169 8888
809 4087 930 4169 scripto
957 4087 1191 4168 responderent
1217 4087 1342 4166 proles·

257 4201 362 4250 sores.
403 4187 470 4251 lllis
496 4188 581 4252 enim
608 4187 785 4269 iniunctum
814 4199 894 4262 erat,
923 4197 956 4252 ut
982 4196 1043 4251 tam
1070 4203 1169 4267 super
1194 4186 1341 4251 doctrina

257 4301 351 4365 quam
367 4286 458 4351 libris
473 4287 620 4353 classicis
646 4289 842 4363 scholarum,
860 4287 1106 4368 archiepiscopo
1129 4284 1340 4368 interroganti
