3186 4942
727 477 915 543 ..330-

272 679 432 753 pugnatas
447 665 499 730 die
514 666 534 730 8
549 681 622 745 aug.
640 661 729 741 1752)
747 682 756 724 a
782 662 957 742 confracte,
973 662 1155 742 penitusque
1169 661 1302 725 contrito
1317 666 1364 724 est

271 776 336 838 tola
360 769 413 832 illu
438 768 544 847 iugens
569 763 724 847 meudina.
755 760 866 842 Neque
891 759 1017 825 Eximio
1043 759 1127 824 Patri
1156 759 1364 840 cogitandum

274 868 389 934 luisset
418 866 459 930 de
488 863 658 945 opusculo,
690 868 859 942 postquam
897 875 965 925 rem
1004 875 1132 924 ornnem
1170 859 1366 924 confecisset

274 965 396 1032 loliolo.
414 962 505 1038 Quod
522 961 549 1026 si
567 960 678 1025 lolium
694 959 779 1024 istud
796 958 997 1040 susciperem
1017 957 1235 1034 refutandum,
1250 957 1366 1039 quouis

273 1063 360 1130 istud
392 1063 486 1127 modo
516 1061 622 1126 lacere
650 1057 855 1140 aggrederer,
884 1057 964 1121 nilril
994 1057 1236 1138 periclitabatur
1262 1057 1364 1138 gloria

275 1162 400 1228 Eximii.
416 1162 575 1242 sequerer
587 1161 619 1222 in
636 1174 765 1223 arenam
782 1173 897 1222 novam
910 1156 1108 1228 invitantem,
1125 1156 1264 1220 desertis
1278 1156 1364 1237 prio·

277 1262 368 1327 ribus
393 1262 531 1326 eastris?
554 1259 589 1322 ln
618 1265 766 1338 promptu
790 1256 939 1332 habebat,
964 1272 1047 1338 quae
1071 1255 1242 1320 recederet
1265 1255 1366 1320 unde-

275 1378 402 1442 quaque
427 1375 527 1424 arma.
556 1357 645 1431 Quod
671 1358 700 1422 si
726 1356 876 1438 denique,
901 1365 934 1421 ul
960 1355 1032 1432 leci,
1059 1355 1123 1420 alio
1149 1355 1365 1420 declinantem

276 1476 364 1524 mere
379 1473 563 1523 revocarent
580 1456 617 1519 ad
635 1455 819 1520 condictum
841 1454 881 1518 ab
896 1454 969 1534 ipso
984 1453 1105 1528 lenum,
1123 1453 1268 1534 priorum
1292 1462 1367 1518 unte

276 1557 476 1624 decisionem
502 1555 644 1636 exigens,
669 1570 763 1636 quam
790 1553 1022 1635 procederetur
1047 1552 1086 1615 ad
1115 1569 1208 1626 nova,
1235 1553 1366 1616 nimium

276 1658 406 1741 lustinus
432 1653 589 1719 dicendus
611 1669 710 1730 eram,
728 1663 759 1716 el
781 1651 966 1734 arguendus
988 1651 1074 1733 quod
1102 1650 1225 1714 Eximio
1250 1654 1364 1733 impro-

274 1773 415 1841 perarem
430 1755 512 1836 quod
526 1753 567 1815 ud
581 1769 629 1826 eu,
643 1769 721 1833 quae
735 1753 769 1814 in
783 1752 875 1816 Tlresi
889 1769 958 1815 meu
969 1768 1147 1832 posueram,
1161 1767 1223 1813 nen
1237 1767 1366 1831 respon-

274 1855 388 1928 ds'saet,·
406 1853 449 1916 uli
464 1851 570 1930 reipsa
583 1849 761 1931 contigisse
776 1865 931 1930 praesens
946 1849 1016 1930 ejus
1030 1848 1221 1930 opuseulum
1239 1848 1366 1929 prohat,

277 1953 311 2016 in
323 1950 415 2031 eujus
429 1948 594 2030 prooemio
607 1947 703 2029 liujus
715 1965 766 2012 me
777 1948 993 2014 festinationis
1005 1958 1148 2013 accusat.
1162 1949 1202 2011 At
1216 1947 1368 2012 candoris

278 2048 392 2114 arnano
415 2047 595 2128 plusculum
619 2047 750 2128 aliquid,
768 2046 890 2112 Eximie
912 2052 1014 2124 Pater,
1032 2047 1107 2112 dum
1131 2063 1201 2110 mea
1220 2045 1366 2112 exhibes.

278 2148 383 2218 Hune.
406 2148 450 2212 nti
478 2147 510 2210 in
537 2147 713 2227 prooemio,
738 2146 781 2210 ita
808 2147 928 2227 passim
952 2155 1019 2211 toto
1044 2149 1107 2211 hoe
1131 2145 1289 2226 opusculo
1313 2153 1369 2210 luo

278 2263 390 2328 parum
404 2245 558 2326 praefers.
572 2244 642 2309 Non
658 2245 787 2324 egotibi
803 2245 966 2310 silentium
979 2244 1194 2326 improperari
1206 2244 1245 2323 (si
1258 2253 1365 2308 tamen

278 2345 398 2427 aliquid
412 2345 650 2424 improperasse
662 2344 724 2409 dici
742 2349 888 2424 mereor),
897 2345 955 2410 sed
966 2346 1143 2422 loquelam,
1161 2361 1225 2409 non
1238 2344 1367 2408 dilatam

279 2445 318 2509 ad
341 2443 576 2523 responsiones
603 2459 690 2508 meas
715 2443 880 2524 replicem,
909 2445 966 2509 sed
994 2460 1243 2526 praeproperam
1267 2443 1370 2507 insul-

279 2543 378 2608 tantis
402 2542 479 2606 milri
501 2541 726 2623 gloriationem
751 2551 848 2606 tuam.
866 2541 990 2606 Folium
1009 2542 1094 2607 istud
1119 2557 1223 2607 meum
1242 2542 1370 2623 appello

280 2657 354 2723 pag.
380 2641 411 2715 3,
439 2641 456 2722 5
482 2641 513 2705 3.
542 2641 573 2704 Si
602 2641 859 2721 responsionem,
890 2641 933 2704 uti
965 2642 1066 2706 lateur
1098 2641 1211 2705 merito
1241 2649 1272 2705 te
1297 2640 1371 2722 jnre
1451 2639 1454 2645 ”

280 2739 438 2820 potuisse,
463 2738 593 2803 dilierre
622 2739 795 2814 voluisses,
821 2757 884 2802 non
913 2739 1027 2804 luisset
1049 2739 1135 2820 quod
1159 2739 1199 2803 de
1224 2741 1368 2819 augustio

279 2841 437 2920 temperis,
450 2839 531 2920 pund
542 2837 706 2902 admodum
720 2837 809 2902 breue
818 2840 886 2918 (isit,
900 2838 1155 2920 conquererere3
1175 2853 1368 2918 quamquam

278 2936 365 3002 enim
378 2953 428 3001 me
443 2936 618 3015 identidem
644 2937 722 3001 satis
745 2937 944 3018 ignorantem
972 2937 1139 3018 depingas,
1161 2937 1213 3000 vix
1232 2937 1367 3002 credere

279 3034 383 3098 ausim
400 3034 510 3100 lraberi
534 3052 584 3100 me
599 3035 656 3100 tibi
673 3045 735 3098 tam
752 3035 957 3114 insolentem,
982 3045 1016 3099 ut
1037 3036 1203 3100 existimes
1226 3035 1368 3099 loturum

280 3131 537 3198 luissemebrevi
550 3133 679 3198 silentio
690 3143 753 3198 tam
764 3133 1132 3212 tumidumutliaimiam
1144 3135 1369 3200 paternitatem

279 3241 367 3296 tuam
381 3232 521 3296 tantillas
540 3241 613 3312 post
627 3233 774 3298 inducias
790 3234 923 3298 fuissem
950 3251 1060 3296 rursus
1075 3236 1109 3296 in
1124 3251 1251 3298 arelium
1265 3240 1370 3316 operte

279 3348 351 3394 eece
379 3332 626 3412 compellaturus,
654 3331 865 3413 dicturusque
893 3355 901 3395 :
930 3334 1009 3398 liece
1035 3334 1125 3396 eitius
1151 3336 1231 3412 forle
1259 3335 1370 3396 adsum

280 3447 372 3511 quum
389 3433 620 3494 eaistimnaerus
635 3440 696 3496 ete.
714 3432 784 3496 Non
808 3433 849 3496 ita
865 3441 915 3497 est
932 3455 940 3496 :
959 3442 1027 3497 tuto
1044 3442 1185 3512 poteras,
1202 3451 1265 3494 nort
1286 3449 1369 3496 eom·

278 3535 386 3610 patulo
400 3531 546 3608 seriorum
563 3537 706 3610 tempore,
722 3533 872 3594 trimestre
885 3531 939 3594 titt
954 3549 1128 3594 telmessum
1144 3530 1304 3604 arbitrari,
1323 3539 1367 3603 et,

281 3625 382 3690 misso
399 3626 487 3700 lulio,
504 3628 695 3706 opusculum
718 3629 891 3694 conticere.
910 3629 970 3694 Sed
985 3629 1107 3709 jactare
1130 3645 1193 3692 non
1210 3629 1371 3693 debueras

281 3727 365 3805 (pag.
379 3723 398 3788 6
411 3724 477 3788 iulii
491 3725 548 3799 lui,
563 3742 650 3790 num.
663 3729 719 3803 avr)
735 3727 946 3808 adimplevisse
961 3734 991 3790 te
1002 3726 1137 3804 fideliter
1148 3732 1244 3789 lotum
1259 3727 1371 3807 quotis

280 3828 311 3886 le
328 3825 399 3900 lure
416 3829 515 3904 pessit
535 3826 634 3903 πέριξ
658 3840 694 3889 ea
718 3834 749 3889 te
772 3826 959 3906 confregisse
976 3828 1158 3906 penitusque
1178 3825 1368 3898 contrivisse,

280 3936 418 4001 quorum
434 3925 478 4000 lut
493 3921 694 3987 similitudini
710 3923 856 3988 insistam
869 3927 951 4002 tuae)
966 3941 1023 3986 nee
1037 3924 1155 4004 lapides
1170 3941 1189 3985 u
1202 3941 1235 3985 se
1249 3941 1373 4004 reparc-

279 4035 380 4096 eerua,
399 4037 458 4085 nec
472 4022 706 4100 fundumentum
728 4023 900 4103 attigeram
925 4022 1041 4087 nedum
1065 4023 1220 4085 dicaeus.
1237 4021 1268 4083 Si
1292 4037 1371 4086 eon·

281 4117 415 4182 trarium
431 4119 548 4185 iterato
569 4137 710 4196 asseras,
728 4121 864 4186 ostende
879 4120 932 4186 ubi
955 4131 1008 4186 aut
1024 4121 1186 4201 quomodo
1203 4121 1241 4183 lt.
1256 4119 1290 4182 P.
1309 4119 1370 4183 lm-

280 4214 388 4281 dovici
414 4217 552 4285 ltnltnae
577 4220 767 4285 auctoritate
792 4229 848 4284 aut
874 4219 981 4285 verbis
1004 4228 1153 4302 tanquam
1169 4220 1371 4300 meduntam
