3186 4942
656 497 698 512 -
719 463 843 530 363-

247 643 490 709 «Reuerendus
517 643 691 710 admodum
720 654 811 726 pater
843 646 1035 713 Franciscus
1067 647 1184 716 Bonae.
1203 649 1293 731 Spei,

200 743 284 807 alias
305 741 451 822 Grespiu,
476 742 508 806 in
534 743 628 824 cuius
651 744 748 810 verba
774 755 806 810 et
832 745 951 828 ingenii
977 755 1184 812 monumenta
1209 757 1297 814 totos

198 842 338 907 carmeli
360 851 472 908 coetus
494 847 744 926 supermodum
773 863 869 926 quem
895 846 1033 926 primum
1058 845 1294 927 philosophiae,

204 941 277 1006 dein
306 941 415 1006 multis
437 941 530 1007 annis
554 943 735 1023 theologiae
758 943 974 1010 scholasticae
997 945 1165 1021 lectorem,
1183 961 1296 1012 sacrae

204 1040 387 1121 scripturae
410 1040 629 1121 interpretem,
647 1055 679 1107 et
705 1041 736 1105 in
763 1043 910 1108 lluacena
934 1053 965 1108 et
991 1043 1053 1108 alia
1084 1041 1297 1111 Universitetc

202 1139 408 1214 lovaniensi,
442 1140 610 1205 emeritum
647 1141 745 1206 studii
777 1142 881 1206 nostri
919 1142 1094 1224 theologici
1132 1151 1296 1224 regentem

204 1237 325 1311 hahuit,
346 1239 443 1302 Roma
466 1255 544 1304 vero
567 1237 600 1302 in
623 1240 763 1304 comitiis
784 1241 993 1322 generalibus
1015 1241 1141 1306 ordinis
1164 1241 1196 1305 in
1221 1242 1293 1307 uni·

199 1337 306 1402 nereis
319 1337 590 1418 disputationibus
604 1338 742 1418 publicis
756 1339 1009 1420 praesidentium
1025 1340 1298 1422 praesidempro·

203 1437 308 1502 vincia
325 1437 608 1518 Baedro-Belgica
632 1438 682 1503 his
700 1439 943 1520 prouincialem,
961 1440 1169 1505 assistentem
1193 1443 1295 1506 semel

199 1552 241 1602 ac
270 1535 472 1602 definitorem
502 1536 645 1618 saepius,
677 1537 812 1602 ordines
843 1539 1067 1602 mendicantes
1093 1539 1124 1600 in
1157 1538 1296 1620 negotiis

202 1633 430 1700 communibus
453 1645 736 1717 propugnatorem,
754 1637 802 1701 sic
827 1645 861 1701 ut
876 1637 908 1700 in
926 1637 1012 1700 Barac
1027 1637 1090 1718 Spe
1115 1635 1210 1700 luerit
1233 1640 1295 1702 lbr-

203 1733 307 1818 titudo
331 1741 460 1809 nostra;
485 1733 674 1816 sapientiam
693 1735 769 1816 ‚ejus
798 1739 903 1816 (quam
927 1734 1099 1800 audierunt
1121 1735 1234 1813 exteri)
1258 1747 1296 1801 ex

204 1832 302 1897 variis
314 1832 423 1914 regnis
435 1842 468 1898 ct
480 1833 637 1914 partibus,
652 1833 685 1897 iu
697 1833 898 1900 difficillimis
916 1834 1022 1898 amnis
1034 1832 1163 1914 generis
1175 1835 1294 1909 causis,

198 1931 244 1996 ad
267 1931 357 1996 illum
379 1932 503 1998 delatae
526 1942 558 1998 ct
572 1933 612 1997 ab
636 1933 691 1999 illo
715 1933 809 2000 datae
833 1933 997 2014 publicant
1019 1933 1295 2013 consultationes;

200 2031 414 2110 subtilitatem
437 2031 557 2114 ingenii
581 2033 757 2114 loquuntur
779 2033 919 2113 scripta;
938 2033 1133 2098 soliditatem
1149 2050 1187 2098 ac
1211 2034 1296 2113 purt-

205 2139 301 2196 tatem
325 2131 491 2197 doctrinae
517 2149 619 2214 usque
642 2132 805 2197 Romanae
827 2132 922 2198 Sedis
950 2132 1053 2213 (cujus
1071 2132 1295 2198 authoritatem

204 2228 402 2296 validissime
432 2232 655 2312 propugnavit)
680 2231 902 2296 decisionibus
935 2232 967 2295 in
997 2231 1148 2296 omuibus
1178 2235 1210 2297 et
1240 2249 1296 2311 per

199 2329 310 2392 omnia
333 2328 517 2394 conlnrmes
545 2336 701 2394 testantur
726 2331 924 2404 sententiae;
956 2329 1169 2394 constantiam
1199 2329 1295 2394 anirui

205 2436 236 2491 et
251 2426 335 2491 inter
350 2427 524 2493 continuos
536 2428 705 2493 asthmalis
719 2437 750 2494 el
766 2429 884 2493 calculi
901 2429 1032 2494 dolores
1046 2428 1212 2492 assiduum
1229 2437 1296 2492 stu-

201 2525 305 2598 dium,
330 2535 361 2591 et
392 2526 422 2589 in
453 2527 635 2602 itineribus,
661 2537 724 2592 tarn
756 2528 889 2592 Romam
920 2539 979 2602 ter,
1007 2543 1101 2608 quam
1128 2525 1295 2592 lladritum

206 2625 319 2699 semel,
347 2624 531 2690 indefessus
561 2626 652 2691 lahor
681 2642 719 2690 ac
746 2627 881 2690 infracta
913 2624 1110 2701 sollicitudo,
1140 2632 1173 2689 nt
1201 2625 1296 2689 etiam

209 2721 303 2786 nobis
332 2723 428 2788 luerit
459 2725 545 2788 Boua
572 2724 648 2806 Spes
682 2724 714 2788 in
746 2725 935 2790 novissimis
971 2724 1042 2805 eius
1070 2722 1187 2804 (lenes.
1220 2722 1295 2800 vll).

200 2819 345 2885 'landem
360 2821 401 2886 de
416 2822 530 2888 ordina
550 2823 670 2905 optime
687 2824 834 2898 meritus,
851 2840 925 2888 oum
942 2825 1047 2888 Buuoc
1061 2823 1133 2904 Spei
1148 2838 1206 2904 per
1222 2822 1297 2886 Gar-

206 2913 279 2984 meli
308 2919 590 2985 armamentarium
625 2921 665 2986 ab
705 2921 831 2986 ordinis
862 2922 998 2987 aemulis
1028 2921 1137 2986 salros
1168 2919 1298 2986 lecisset

198 3013 277 3080 bena
291 3025 450 3098 sperantes
473 3017 505 3081 in
521 3035 557 3084 ss
573 3018 689 3084 iratres
712 3037 804 3098 suos,
823 3019 950 3086 cunctis
978 3020 1166 3102 relinquens
1182 3019 1298 3100 iugens

203 3115 254 3178 sui
284 3115 493 3192 desiderium,
522 3117 714 3199 lljanuarii,
733 3119 822 3182 oaels
852 3119 930 3183 rhos
955 3141 992 3183 er
1021 3119 1086 3184 nali
1113 3115 1295 3182 BaCronUll

204 3213 394 3278 nvindlr.»
425 3215 470 3280 lta
498 3217 709 3298 Nacralopium
737 3226 903 3284 aouvcutus
931 3221 1063 3300 Butram
1094 3217 1297 3282 caimetarum

198 3314 321 3378 ,ordinis
343 3315 382 3379 B.
406 3315 439 3379 V.
465 3315 587 3382 Marius
608 3317 645 3382 da
667 3319 769 3385 Monta
793 3317 936 3383 Curmcla
960 3319 1044 3382 urbis
1068 3317 1295 3394 Bruxeliensis,

246 3511 289 3576 lle
305 3511 478 3578 eranutsao
496 3513 603 3580 Bonae
618 3513 693 3596 Spei
708 3516 773 3597 agit
789 3516 936 3593 Ferreus,
955 3515 1144 3581 Bibliotheca
1157 3515 1292 3596 Belgica,

205 3607 231 3702 l,
249 3626 279 3690 p.
297 3610 368 3686 att,
385 3619 483 3694 atque
498 3612 585 3678 varia
601 3612 671 3694 ejus
686 3614 807 3695 scripta
824 3623 984 3682 recenset.

244 3773 427 3840 Bdmuudus
448 3777 485 3840 nb
507 3779 646 3859 dapalis,
670 3777 701 3842 iu
727 3781 860 3845 saeculo
885 3780 1001 3858 Butler,
1028 3780 1175 3862 pluribus
1201 3777 1294 3843 annis

201 3873 439 3958 philosophiam
466 3885 498 3942 et
523 3893 648 3942 sacram
672 3879 867 3961 theolegiam
891 3879 1013 3946 docuit.
1040 3881 1119 3944 Prae
1146 3878 1295 3947 manibus

203 3971 373 4042 habuimus
397 3975 501 4041 varias
520 3978 642 4053 theses,
660 3977 732 4058 ipso
750 3979 909 4059 praeside,
928 3987 1146 4061 propugnatas
1163 3975 1293 4044 lovanii

199 4073 241 4140 ab
257 4088 341 4138 anuo
358 4072 438 4136 1663
455 4091 556 4156 usque
572 4075 664 4140 1663.

249 4195 261 4229 ι
280 4171 335 4236 llic
349 4171 463 4254 lljunii
480 4173 574 4251 1668,
590 4175 668 4240 obiit
684 4175 721 4242 lt.
741 4176 775 4240 Ρ.
794 4177 981 4244 Bdmundus
996 4177 1037 4243 ab
1055 4177 1196 4260 augelis,
1212 4175 1293 4241 alies

285 4306 315 4352 r.
1170 4292 1210 4356 el
