3130 4956
632 512 817 574 -255-

226 686 263 748 81
283 695 315 750 et
329 686 380 750 86.
397 689 525 754 ircosus
538 691 670 768 Vesana,
684 693 897 778 velrvrenuoea,
913 692 1163 771 l’operlopanus¹
1182 693 1268 757 deci-

185 801 260 848 mus
276 789 407 865 quintus
424 803 441 850 e
457 788 537 854 Lilio
552 790 582 852 in
601 791 710 855 schola
727 791 841 856 artium
857 807 941 854 anno
965 789 1056 862 1566,
1073 800 1104 854 61
1120 791 1270 854 horosius

187 902 225 946 oe
241 883 539 1046 Ouaritssglocuerunt
564 888 596 951 in
624 889 714 964 lilio,
732 889 785 954 ille
808 888 1202 964 6666661561661566,
1220 889 1272 952 hic

187 997 275 1047 anno
375 1031 383 1046 .

228 1115 280 1178 83.
299 1115 414 1180 Pennus
433 1119 588 1192 6666666,
612 1119 662 1184 vel
686 1119 850 1194 Graecias,
868 1119 1079 1195 villariensis,
1097 1119 1128 1182 in
1144 1135 1271 1199 promo-

184 1214 275 1278 tione
292 1217 432 1295 generali
456 1217 617 1283 facultatis
637 1220 751 1284 artium
769 1236 853 1284 anno
870 1218 951 1282 1563
967 1237 985 1284 e
1000 1218 1080 1284 Lilio
1096 1218 1269 1291 secundus,

186 1323 256 1378 erat
271 1330 356 1379 anno
373 1315 452 1379 1566
467 1317 562 1398 hujus
578 1319 628 1383 sui
645 1319 830 1400 paedagogii
848 1319 1026 1399 subtegens
1044 1328 1076 1382 et
1093 1317 1269 1398 professor,

188 1413 279 1492 prius
296 1414 402 1478 minus
418 1415 602 1496 principalis
625 1417 802 1498 logicorum
820 1435 838 1481 a
857 1417 895 1480 18
912 1417 1014 1480 martii
1033 1416 1124 1490 1566,
1143 1425 1174 1481 61
1195 1415 1270 1479 dein

188 1513 368 1577 66661571
388 1515 588 1595 principalis.
606 1517 745 1581 Subinde
761 1533 872 1581 sacrae
892 1516 1071 1596 theologiae
1087 1515 1267 1579 licentiatus

188 1616 214 1683 (a
229 1628 314 1676 anno
331 1614 420 1686 1571,
438 1623 491 1678 aut
508 1615 589 1680 forte
601 1615 706 1689 citius,
721 1639 738 1673 »
751 1616 793 1679 ait
807 1615 948 1696 Paquott.
964 1616 1055 1677 hnoo
1072 1613 1151 1677 1576
1167 1615 1269 1677 factus

187 1720 237 1775 est
263 1711 313 1774 ria
330 1713 555 1778 nominationis
570 1715 770 1780 academicae
790 1715 966 1779 canonicus
982 1713 1175 1777 cathedralis
1193 1713 1268 1776 Bru-

187 1810 309 1890 gensis.
340 1809 515 1876 Cathedrae
543 1829 620 1877 suae
650 1813 889 1894 philosophicae
918 1812 1112 1885 valedicens,
1144 1810 1200 1875 ivit
1229 1811 1268 1872 ad

188 1909 394 1972 residentiam
420 1911 618 1991 Brugensem
644 1913 683 1976 89
705 1911 776 1992 julii
799 1911 891 1974 1575.
915 1909 1095 1991 hcapitulo
1111 1909 1266 1989 Brugensi

190 2008 322 2072 Romam
339 2009 510 2088 deputatus
526 2010 583 2074 fuit
599 2028 656 2091 pro
683 2011 801 2075 unione
827 2010 865 2074 ad
883 2026 975 2074 usum
991 2007 1267 2092 choraliumejus·

189 2107 261 2172 dem
288 2109 445 2180 ecclesiae
471 2110 670 2189 praebendae
692 2119 799 2174 sextae
828 2109 923 2188 huius
954 2107 1158 2183 cathedralis,
1187 2122 1268 2187 quae

189 2207 321 2270 vacabat
348 2222 432 2270 anno
459 2207 538 2270 1577
565 2225 621 2287 per
645 2208 766 2271 obitum
792 2207 924 2271 loannis
944 2207 1070 2281 Brants‚
1095 2205 1267 2286 86166666-

189 2307 308 2380 censis,
323 2307 363 2369 de
377 2324 440 2387 quo
456 2319 489 2369 n⁰
504 2307 662 2388 sequenti.
679 2307 763 2371 Obiit
781 2305 821 2368 ll
838 2305 941 2369 martii
958 2304 1050 2367 1679.

233 2407 374 2470 «Petrus
390 2405 558 2486 66636166,-
574 2407 614 2469 61.
633 2405 763 2470 Walene
777 2429 804 2480 u,
823 2405 865 2469 ait
883 2405 1017 2485 Paquot.

230 2539 281 2602 81.
300 2531 427 2602 lunares
455 2537 582 2613 Bnasrs,
610 2538 884 2617 sytracducensis
902 2541 1006 2617 (quem
1032 2552 1167 2600 erronee
1193 2535 1270 2600 dicit

192 2638 313 2717 Paquot
328 2637 429 2700 fuisse
445 2636 477 2699 in
492 2638 606 2700 artium
627 2637 738 2701 schola
754 2637 897 2717 quintum
914 2651 997 2698 antro
1014 2634 1115 2711 1563),
1135 2634 1271 2698 docebat

190 2737 221 2798 in
238 2736 320 2799 lilio
335 2751 420 2798 anno
437 2733 516 2797 1559
532 2743 563 2799 et
575 2734 638 2814 J'am
655 2743 738 2798 ante.
758 2735 869 2798 Postea
884 2736 984 2798 l'actus
1000 2733 1174 2798 canonieus
1190 2733 1269 2795 Bru·

191 2835 240 2915 gis
256 2835 296 2898 ad
313 2842 460 2898 sanetum
478 2833 802 2913 boualianumhujns
816 2833 1015 2914 praebendae
1030 2831 1270 2912 possessiouem

189 2933 299 2996 adiitl
321 2932 512 3012 septembris
534 2932 625 2995 1559.
654 2931 738 2996 Obiit
762 2933 875 3012 Brugis
900 2931 919 2994 8
942 2931 1012 3011 iulii
1038 2931 1132 3005 1577,
1161 2929 1270 2993 relicta

190 3031 375 3096 fundatione
401 3032 432 3093 in
460 3030 552 3106 Lilio,
580 3031 654 3095 item
681 3031 713 3094 in
740 3030 850 3111 majori
874 3030 1009 3110 collegio
1033 3029 1267 3109 theologorum.

191 3135 265 3196 Post
279 3129 350 3210 eius
365 3129 487 3193 obitum
504 3130 694 3209 praebenda,
720 3147 813 3210 quam
837 3129 1024 3209 possederat
1042 3127 1073 3189 in
1097 3126 1270 3190 cathedrali

193 3228 360 3309 brugensi,
394 3244 569 3308 suppressa
601 3228 659 3291 fuit
689 3229 720 3290 in
751 3228 890 3292 favorem
919 3225 1094 3290 choralium
1126 3224 1270 3304 ejusdem

190 3325 397 3392 cathedralis.

233 3475 284 3538 85.
302 3473 452 3536 Gsoacrcs
475 3472 644 3546 Bracaros,
662 3472 882 3547 valencensis,
905 3472 936 3534 in
954 3470 1155 3552 promotione
1178 3487 1276 3550 gene-

194 3575 252 3638 rali
268 3573 343 3638 anni
360 3571 439 3634 1565
462 3588 479 3636 e
502 3569 612 3635 Castro
629 3571 762 3652 primus,
783 3571 840 3643 fuit
863 3572 894 3634 in
919 3572 979 3635 hoe
1007 3570 1137 3634 Liliensi
1161 3569 1277 3650 paeda-

194 3674 288 3756 gogio
306 3672 482 3752 professor.

234 3819 286 3883 86.
298 3816 914 3898 116666666666666661661666366616,
928 3816 1140 3882 annotabam
1153 3815 1275 3880 scholis

194 3919 310 3983 artium
326 3933 345 3981 e
360 3915 440 3979 lilio
464 3916 597 3996 primus,
614 3914 651 3978 31
671 3914 742 3995 maji
758 3914 899 3995 ejusdem
917 3917 992 3978 anni
1008 3915 1040 3978 in
1057 3916 1272 3996 professorem

195 4017 289 4096 huius
316 4015 502 4095 paedagogii
528 4014 713 4078 assumitur.
739 4014 852 4078 Factus
876 4023 926 4079 est
952 4030 1036 4078 anno
1062 4015 1138 4077 1581
1164 4029 1276 4078 sacrae

195 4113 376 4195 theologiae
391 4113 515 4188 doctor,
526 4123 556 4176 et
568 4112 662 4193 paulo
678 4120 750 4192 post
765 4111 909 4192 eiusdem
926 4113 1079 4177 scientiae
1095 4114 1272 4194 professum

196 4214 325 4277 dentum
338 4210 510 4292 episcopus
527 4211 917 4276 Ruraemundensis.llide
930 4211 1012 4276 inter
1027 4227 1139 4276 sacrae
1154 4211 1274 4276 theolo-

197 4311 268 4394 giae
282 4311 436 4376 doctores
453 4319 483 4373 et
499 4310 709 4390 professores.
