3202 4948
691 382 935 446 w-sau--

294 564 423 629 lurrctus
439 563 592 638 estatio
608 562 720 644 primis
734 563 938 644 antverpiae,
955 581 1020 646 qno
1036 573 1181 646 tempore
1196 564 1381 648 impiissimi

294 663 449 743 principis
465 661 603 735 duniaci,
622 677 678 742 per
693 661 855 726 interioris
871 661 1059 728 Germaniae
1075 663 1221 730 civitates
1237 665 1385 732 ltaeresis

294 778 353 826 sua
382 777 504 826 venena
533 760 754 832 diffundentis,
782 762 985 842 arrogantiae
1014 762 1143 844 egregie
1179 764 1308 840 restitit,
1347 774 1381 832 ut

290 860 386 924 latius
397 859 507 923 videre
518 870 569 922 est
581 858 613 920 in
627 870 805 923 conventus
817 859 950 924 fratrum
964 860 1122 925 llinorum
1135 861 1382 943 butrerpiecsis

289 958 519 1039 descriptione,
536 957 621 1038 apud
637 957 827 1033 sanderum,
848 968 933 1023 torno
956 958 1010 1032 lll,
1028 977 1059 1039 p.
1086 959 1156 1024 199.
1181 959 1382 1042 Disciplinae

290 1058 485 1128 monasticae
513 1065 678 1138 promotor
712 1056 946 1134 zelosissimus,
975 1059 1120 1124 eamdem
1151 1060 1316 1126 nonnullis
1345 1061 1381 1124 in

289 1157 369 1221 locis
392 1157 604 1222 collabentem
628 1155 779 1220 restituit.
798 1156 833 1219 ln
855 1155 1037 1222 dominicae
1058 1157 1220 1239 passionis
1244 1159 1379 1225 medita-

289 1254 375 1320 tione
397 1254 584 1319 versabatur
609 1254 760 1329 assidue;
784 1264 873 1320 tanto
896 1255 992 1320 etiam
1020 1255 1146 1336 pietatis
1168 1255 1284 1322 affectu
1308 1273 1377 1322 rem

287 1351 427 1417 divinam
454 1371 606 1436 peragere
632 1355 761 1430 solitus,
789 1365 822 1418 ut
850 1363 937 1418 totus
968 1354 1001 1417 in
1027 1356 1185 1435 lacrymas
1211 1355 1377 1438 animique

287 1452 463 1532 deliquium
486 1454 661 1531 resolutae,
678 1454 711 1517 in
727 1454 853 1518 extasin
878 1453 1042 1519 multoties
1065 1465 1174 1534 raptus
1199 1453 1374 1518 videretur.

286 1551 439 1628 landem,
467 1551 669 1617 atrocissima
696 1552 748 1615 illa
772 1561 862 1631 peste
884 1551 1020 1617 Luvaoii
1043 1551 1128 1618 circa
1150 1568 1269 1617 annum
1294 1553 1377 1616 ¹579

287 1650 381 1731 (stylo
409 1654 501 1728 novo)
527 1660 706 1732 grassante,
724 1661 755 1715 et
779 1651 849 1732 ipse
874 1650 966 1716 senio
991 1653 1170 1728 conlectus
1195 1652 1298 1718 evita
1314 1651 1378 1717 bac

285 1765 477 1814 aerumnosa
494 1749 641 1814 sublatus
657 1759 708 1814 est
722 1747 762 1811 90
778 1748 889 1830 aprilis
906 1749 999 1814 1579.

328 1848 367 1912 Ut
395 1849 598 1913 academicos
634 1848 743 1914 titulos
779 1864 841 1911 non
872 1847 1142 1928 adipiscerentur,
1172 1848 1227 1930 qni
1250 1866 1290 1914 ex
1311 1849 1378 1915 boc

285 1946 399 2012 ordine
428 1956 515 2023 sunt,
547 1947 710 2012 humilitas
742 1959 775 2011 et
804 1947 960 2012 modestia
989 1947 1116 2014 ordinis
1151 1947 1216 2029 jam
1246 1949 1374 2030 pridem

285 2045 484 2111 decreverat.

348 2265 374 2328 b)
395 2261 469 2317 diste
481 2267 527 2316 des
536 2267 708 2328 principabor
720 2266 856 2329 relipieuar
868 2268 918 2328 qui
931 2267 979 2317 oni
991 2263 1121 2328 crucianti
1130 2277 1171 2316 au
1183 2271 1297 2318 εοιιυειιι

529 2358 576 2407 des
590 2354 944 2417 Praestructio-liscum,
958 2360 977 2408 d
990 2353 1128 2408 acumen.

326 2531 340 2568 ι
357 2510 680 2586 enuntiandarum,
698 2509 885 2587 Montensis,
902 2508 1019 2575 claruit
1042 2526 1100 2590 per
1123 2509 1245 2592 aliquot
1266 2525 1373 2576 annos

284 2607 550 2689 vioeguardianus
579 2619 612 2674 et
642 2609 744 2674 lector
770 2609 804 2672 in
833 2619 992 2674 conventu
1019 2607 1372 2684 lovaniensi;indea

284 2707 472 2784 Pbiliberto,
490 2708 572 2774 doce
587 2708 764 2772 sabaudiae
779 2718 810 2772 ει
825 2708 1043 2789 gubernatore
1061 2707 1170 2789 Belgii,
1189 2707 1325 2790 Philippi
1341 2707 1371 2774 ll

284 2816 432 2888 cognato,
461 2809 493 2870 in
524 2807 804 2888 poenitentiarium
834 2815 1020 2887 assumptus
1046 2814 1113 2882 cst;
1144 2823 1218 2872 cum
1246 2825 1310 2889 quo
1336 2807 1372 2872 in

284 2906 473 2972 sabaudiam
491 2907 580 2972 abiit.
597 2931 611 2968 u
630 2907 784 2985 Mutunus,
796 2909 937 2974 Historia
948 2907 1196 2984 Lorunicnsium,
1210 2905 1235 2982 l,
1251 2925 1282 2985 p.
1295 2903 1371 2972 264.

327 3069 546 3135 «Willtelmus
581 3071 618 3134 de
653 3071 812 3136 Aremudo
841 3071 899 3136 luit
929 3071 1032 3138 lector
1061 3079 1240 3136 conventus
1268 3071 1372 3136 Lovo-

284 3168 426 3245 niensis;
454 3169 507 3252 qui
534 3169 639 3234 tidelis
665 3169 822 3234 laboravit
849 3169 881 3232 in
910 3169 1028 3235 unione
1053 3168 1150 3251 htrjus
1176 3177 1368 3235 conventus.

283 3265 367 3333 Obiit
391 3267 481 3343 1508,
499 3267 551 3334 die
579 3269 612 3332 l'l
636 3267 721 3345 maii,
738 3267 851 3349 Belgis
874 3267 913 3332 ad
931 3267 1061 3334 Zomam
1078 3291 1108 3331 u.
1124 3268 1279 3346 bonasus,
1295 3269 1371 3334 llis·

282 3369 362 3431 loric
376 3367 625 3459 bononiensium,
645 3365 670 3442 l,
689 3385 720 3449 p.
738 3367 811 3432 aet.

323 3534 485 3598 Amandus
500 3534 537 3597 tte
552 3533 721 3610 Zierr'czeo,
746 3532 849 3600 lector
875 3547 986 3598 sacrae
1012 3531 1192 3613 theologiae
1217 3531 1258 3596 ab
1282 3547 1371 3598 auno

325 3731 468 3797 ulirater
488 3730 664 3810 Amandus,
688 3741 816 3812 praeter
841 3729 1080 3812 peregrinarum
1108 3739 1139 3794 ει
1164 3730 1368 3796 diversarum

278 3829 473 3914 linguarum,
491 3829 669 3906 hebraicae,
687 3829 883 3906 chaldaicae,
899 3845 1036 3911 graecae
1057 3838 1200 3894 exactam
1221 3828 1367 3893 notitiam

279 3929 452 4012 [quasillo
478 3937 622 4010 tempore
649 3928 700 3994 vix
727 3929 811 4010 apud
838 3943 936 3994 uuum
963 3937 1018 3992 ant
1045 3926 1179 3992 alterum
1207 3937 1310 4003 erant,
1334 3934 1369 3992 ει

279 4045 413 4111 quarum
430 4028 481 4093 vix
496 4028 560 4110 typi
575 4037 666 4094 erant
682 4028 880 4093 nostratibus
906 4027 1050 4109 cogniti),
1067 4026 1248 4092 divinarum
1270 4025 1367 4090 etiam

279 4129 443 4194 literarum
459 4127 595 4194 scientia
610 4127 778 4210 magnifice
800 4126 934 4194 effulsit.
952 4127 1038 4203 Quas
1061 4135 1149 4193 tanta
1163 4143 1236 4192 cum
1262 4125 1367 4209 gratia
