<?xml version="1.0" encoding="UTF-8"?>
<!DOCTYPE html PUBLIC "-//W3C//DTD XHTML 1.0 Transitional//EN"
    "http://www.w3.org/TR/xhtml1/DTD/xhtml1-transitional.dtd">
<html xmlns="http://www.w3.org/1999/xhtml" xml:lang="en" lang="en">
 <head>
  <title>
</title>
<meta http-equiv="Content-Type" content="text/html;charset=utf-8" />
  <meta name='ocr-system' content='tesseract 3.04.00' />
  <meta name='ocr-capabilities' content='ocr_page ocr_carea ocr_par ocr_line ocrx_word'/>
</head>
<body>
  <div class='ocr_page' id='page_1' title='image "./documentsrelati01reusgoog/documentsrelati01reusgoog_0675.png"; bbox 0 0 3248 4954; ppageno 0'>
   <div class='ocr_carea' id='block_1_1' title="bbox 691 327 874 393">
    <p class='ocr_par' dir='ltr' id='par_1_1' title="bbox 691 327 874 393">
     <span class='ocr_line' id='line_1_1' title="bbox 691 327 874 393; baseline -0.005 0"><span class='ocrx_word' id='word_1_1' title='bbox 691 327 809 393; x_wconf 85' lang='lat' dir='ltr'><strong>-tbt</strong></span> <span class='ocrx_word' id='word_1_2' title='bbox 835 363 874 379; x_wconf 90' lang='lat'>-</span> 
     </span>
    </p>
   </div>
   <div class='ocr_carea' id='block_1_2' title="bbox 235 505 1329 790">
    <p class='ocr_par' dir='ltr' id='par_1_2' title="bbox 235 505 1329 790">
     <span class='ocr_line' id='line_1_2' title="bbox 276 505 1328 590; baseline -0.003 -15"><span class='ocrx_word' id='word_1_3' title='bbox 276 509 364 575; x_wconf 82' lang='lat' dir='ltr'><strong>licus</strong></span> <span class='ocrx_word' id='word_1_4' title='bbox 389 525 430 574; x_wconf 93' lang='lat' dir='ltr'><strong>ne</strong></span> <span class='ocrx_word' id='word_1_5' title='bbox 452 523 600 590; x_wconf 88' lang='lat' dir='ltr'><strong>pouvons</strong></span> <span class='ocrx_word' id='word_1_6' title='bbox 623 509 729 574; x_wconf 85' lang='lat' dir='ltr'><strong>mieux</strong></span> <span class='ocrx_word' id='word_1_7' title='bbox 755 509 833 575; x_wconf 90' lang='lat' dir='ltr'><strong>faire</strong></span> <span class='ocrx_word' id='word_1_8' title='bbox 856 509 1025 574; x_wconf 87' lang='lat' dir='ltr'><strong>connaltre</strong></span> <span class='ocrx_word' id='word_1_9' title='bbox 1047 505 1206 571; x_wconf 86' lang='lat' dir='ltr'><strong>l&#39;bistoire</strong></span> <span class='ocrx_word' id='word_1_10' title='bbox 1228 505 1269 571; x_wconf 81' lang='lat' dir='ltr'><strong>tle</strong></span> <span class='ocrx_word' id='word_1_11' title='bbox 1288 521 1328 572; x_wconf 87' lang='lat' dir='ltr'><strong>ce</strong></span> 
     </span>
     <span class='ocr_line' id='line_1_3' title="bbox 236 605 1329 691; baseline -0.006 -16"><span class='ocrx_word' id='word_1_12' title='bbox 236 609 363 691; x_wconf 75' lang='lat' dir='ltr'><strong>college</strong></span> <span class='ocrx_word' id='word_1_13' title='bbox 388 608 482 690; x_wconf 89' lang='lat' dir='ltr'><strong>qu’en</strong></span> <span class='ocrx_word' id='word_1_14' title='bbox 511 608 739 691; x_wconf 87' lang='lat' dir='ltr'><strong>reproduisant</strong></span> <span class='ocrx_word' id='word_1_15' title='bbox 766 608 806 671; x_wconf 90' lang='lat' dir='ltr'><strong>ioi</strong></span> <span class='ocrx_word' id='word_1_16' title='bbox 832 625 840 672; x_wconf 93' lang='lat'><strong>:</strong></span> <span class='ocrx_word' id='word_1_17' title='bbox 865 607 901 688; x_wconf 87' lang='lat' dir='ltr'><strong>o)</strong></span> <span class='ocrx_word' id='word_1_18' title='bbox 927 605 1062 671; x_wconf 86' lang='lat' dir='ltr'><strong>l&#39;extrait</strong></span> <span class='ocrx_word' id='word_1_19' title='bbox 1087 606 1130 670; x_wconf 87' lang='lat' dir='ltr'><strong>du</strong></span> <span class='ocrx_word' id='word_1_20' title='bbox 1157 611 1329 672; x_wconf 83' lang='lat' dir='ltr'><strong>testamern</strong></span> 
     </span>
     <span class='ocr_line' id='line_1_4' title="bbox 235 703 1329 790; baseline -0.006 -13"><span class='ocrx_word' id='word_1_21' title='bbox 235 708 388 777; x_wconf 74' lang='lat' dir='ltr'><strong>d’brnold</strong></span> <span class='ocrx_word' id='word_1_22' title='bbox 413 709 501 782; x_wconf 85' lang='lat' dir='ltr'><strong>Trot,</strong></span> <span class='ocrx_word' id='word_1_23' title='bbox 529 708 583 790; x_wconf 92' lang='lat' dir='ltr'><strong>qui</strong></span> <span class='ocrx_word' id='word_1_24' title='bbox 609 726 627 773; x_wconf 93' lang='lat' dir='ltr'><strong>a</strong></span> <span class='ocrx_word' id='word_1_25' title='bbox 653 716 785 790; x_wconf 78' lang='lat' dir='ltr'>rapport</span> <span class='ocrx_word' id='word_1_26' title='bbox 810 706 828 770; x_wconf 78' lang='lat' dir='ltr'><strong>a</strong></span> <span class='ocrx_word' id='word_1_27' title='bbox 854 707 884 772; x_wconf 91' lang='lat' dir='ltr'><strong>la</strong></span> <span class='ocrx_word' id='word_1_28' title='bbox 914 707 1099 782; x_wconf 86' lang='lat' dir='ltr'><strong>fondation;</strong></span> <span class='ocrx_word' id='word_1_29' title='bbox 1131 703 1164 786; x_wconf 89' lang='lat' dir='ltr'><strong>b)</strong></span> <span class='ocrx_word' id='word_1_30' title='bbox 1189 703 1329 770; x_wconf 83' lang='lat' dir='ltr'><strong>l‘extrait</strong></span> 
     </span>
    </p>
   </div>
   <div class='ocr_carea' id='block_1_3' title="bbox 233 803 1330 1285">
    <p class='ocr_par' dir='ltr' id='par_1_3' title="bbox 233 803 1330 1285">
     <span class='ocr_line' id='line_1_5' title="bbox 236 803 1327 890; baseline 0.001 -18"><span class='ocrx_word' id='word_1_31' title='bbox 236 808 278 873; x_wconf 87' lang='lat' dir='ltr'><strong>du</strong></span> <span class='ocrx_word' id='word_1_32' title='bbox 301 809 438 890; x_wconf 78' lang='lat' dir='ltr'><strong>Repperi</strong></span> <span class='ocrx_word' id='word_1_33' title='bbox 463 825 518 871; x_wconf 83' lang='lat' dir='ltr'><strong>sur</strong></span> <span class='ocrx_word' id='word_1_34' title='bbox 539 807 623 871; x_wconf 72' lang='lat' dir='ltr'><strong>l’elol</strong></span> <span class='ocrx_word' id='word_1_35' title='bbox 652 807 706 870; x_wconf 80' lang='lat' dir='ltr'><strong>des</strong></span> <span class='ocrx_word' id='word_1_36' title='bbox 731 807 856 888; x_wconf 75' lang='lat' dir='ltr'><strong>oollepee</strong></span> <span class='ocrx_word' id='word_1_37' title='bbox 877 807 915 870; x_wconf 82' lang='lat' dir='ltr'><strong>cle</strong></span> <span class='ocrx_word' id='word_1_38' title='bbox 943 805 1134 870; x_wconf 70' lang='lat' dir='ltr'><strong>l&#39;llniuerrlff</strong></span> <span class='ocrx_word' id='word_1_39' title='bbox 1161 821 1199 867; x_wconf 85' lang='lat' dir='ltr'><strong>en</strong></span> <span class='ocrx_word' id='word_1_40' title='bbox 1228 803 1327 874; x_wconf 67' lang='lat' dir='ltr'><strong>tasas</strong></span> 
     </span>
     <span class='ocr_line' id='line_1_6' title="bbox 233 903 1321 989; baseline -0.004 -17"><span class='ocrx_word' id='word_1_41' title='bbox 233 905 264 989; x_wconf 85' lang='lat' dir='ltr'><strong>e)</strong></span> <span class='ocrx_word' id='word_1_42' title='bbox 279 906 309 972; x_wconf 92' lang='lat' dir='ltr'><strong>le</strong></span> <span class='ocrx_word' id='word_1_43' title='bbox 332 923 469 988; x_wconf 80' lang='lat' dir='ltr'>passage</span> <span class='ocrx_word' id='word_1_44' title='bbox 490 906 530 972; x_wconf 80' lang='lat' dir='ltr'><strong>(le</strong></span> <span class='ocrx_word' id='word_1_45' title='bbox 545 905 702 982; x_wconf 87' lang='lat' dir='ltr'><strong>lfolanus,</strong></span> <span class='ocrx_word' id='word_1_46' title='bbox 719 906 762 971; x_wconf 87' lang='lat' dir='ltr'><strong>ob</strong></span> <span class='ocrx_word' id='word_1_47' title='bbox 778 905 800 968; x_wconf 91' lang='lat' dir='ltr'><strong>il</strong></span> <span class='ocrx_word' id='word_1_48' title='bbox 817 905 905 986; x_wconf 91' lang='lat' dir='ltr'><strong>parle</strong></span> <span class='ocrx_word' id='word_1_49' title='bbox 927 905 968 970; x_wconf 89' lang='lat' dir='ltr'><strong>de</strong></span> <span class='ocrx_word' id='word_1_50' title='bbox 993 906 1022 968; x_wconf 85' lang='lat' dir='ltr'><strong>ln</strong></span> <span class='ocrx_word' id='word_1_51' title='bbox 1046 903 1211 969; x_wconf 87' lang='lat' dir='ltr'><strong>fondation</strong></span> <span class='ocrx_word' id='word_1_52' title='bbox 1227 903 1321 978; x_wconf 68' lang='lat' dir='ltr'><strong>llrotr</strong></span> 
     </span>
     <span class='ocr_line' id='line_1_7' title="bbox 236 1001 1329 1088; baseline -0.004 -17"><span class='ocrx_word' id='word_1_53' title='bbox 236 1005 322 1071; x_wconf 88' lang='lat' dir='ltr'><strong>enfin</strong></span> <span class='ocrx_word' id='word_1_54' title='bbox 339 1004 373 1088; x_wconf 77' lang='lat' dir='ltr'><strong>cl)</strong></span> <span class='ocrx_word' id='word_1_55' title='bbox 390 1023 432 1070; x_wconf 91' lang='lat' dir='ltr'><strong>un</strong></span> <span class='ocrx_word' id='word_1_56' title='bbox 447 1005 563 1070; x_wconf 79' lang='lat' dir='ltr'><strong>extrait</strong></span> <span class='ocrx_word' id='word_1_57' title='bbox 584 1005 625 1070; x_wconf 87' lang='lat' dir='ltr'><strong>du</strong></span> <span class='ocrx_word' id='word_1_58' title='bbox 642 1012 814 1070; x_wconf 82' lang='lat' dir='ltr'><strong>testament</strong></span> <span class='ocrx_word' id='word_1_59' title='bbox 836 1004 876 1069; x_wconf 89' lang='lat' dir='ltr'><strong>de</strong></span> <span class='ocrx_word' id='word_1_60' title='bbox 892 1002 1085 1084; x_wconf 74' lang='lat' dir='ltr'>christophe</span> <span class='ocrx_word' id='word_1_61' title='bbox 1099 1001 1142 1067; x_wconf 82' lang='lat' dir='ltr'><strong>de</strong></span> <span class='ocrx_word' id='word_1_62' title='bbox 1156 1001 1329 1067; x_wconf 81' lang='lat' dir='ltr'><strong>crisolau-</strong></span> 
     </span>
     <span class='ocr_line' id='line_1_8' title="bbox 235 1100 1330 1186; baseline -0.004 -17"><span class='ocrx_word' id='word_1_63' title='bbox 235 1104 329 1180; x_wconf 89' lang='lat' dir='ltr'><strong>belre,</strong></span> <span class='ocrx_word' id='word_1_64' title='bbox 348 1121 405 1185; x_wconf 95' lang='lat' dir='ltr'><strong>par</strong></span> <span class='ocrx_word' id='word_1_65' title='bbox 419 1103 524 1186; x_wconf 92' lang='lat' dir='ltr'><strong>lequel</strong></span> <span class='ocrx_word' id='word_1_66' title='bbox 540 1103 672 1168; x_wconf 88' lang='lat' dir='ltr'><strong>celui-oi</strong></span> <span class='ocrx_word' id='word_1_67' title='bbox 692 1103 747 1169; x_wconf 90' lang='lat' dir='ltr'><strong>fait</strong></span> <span class='ocrx_word' id='word_1_68' title='bbox 763 1121 805 1168; x_wconf 91' lang='lat' dir='ltr'><strong>un</strong></span> <span class='ocrx_word' id='word_1_69' title='bbox 827 1104 896 1186; x_wconf 83' lang='lat' dir='ltr'><strong>legs</strong></span> <span class='ocrx_word' id='word_1_70' title='bbox 915 1103 1146 1184; x_wconf 83' lang='lat' dir='ltr'><strong>importanton</strong></span> <span class='ocrx_word' id='word_1_71' title='bbox 1162 1100 1330 1168; x_wconf 73' lang='lat' dir='ltr'><strong>biennale</strong></span> 
     </span>
     <span class='ocr_line' id='line_1_9' title="bbox 235 1202 726 1285; baseline -0.002 -19"><span class='ocrx_word' id='word_1_72' title='bbox 235 1202 371 1269; x_wconf 87' lang='lat' dir='ltr'><strong>l’anoien</strong></span> <span class='ocrx_word' id='word_1_73' title='bbox 387 1202 512 1285; x_wconf 76' lang='lat' dir='ltr'><strong>college</strong></span> <span class='ocrx_word' id='word_1_74' title='bbox 528 1203 567 1267; x_wconf 88' lang='lat' dir='ltr'><strong>tle</strong></span> <span class='ocrx_word' id='word_1_75' title='bbox 582 1202 726 1268; x_wconf 82' lang='lat' dir='ltr'><strong>ilalines.</strong></span> 
     </span>
    </p>
   </div>
   <div class='ocr_carea' id='block_1_4' title="bbox 278 1415 1293 1572">
    <p class='ocr_par' dir='ltr' id='par_1_4' title="bbox 278 1415 1293 1572">
     <span class='ocr_line' id='line_1_10' title="bbox 278 1415 1293 1486; baseline -0.005 -14"><span class='ocrx_word' id='word_1_76' title='bbox 278 1419 309 1486; x_wconf 85' lang='lat' dir='ltr'><strong>a)</strong></span> <span class='ocrx_word' id='word_1_77' title='bbox 328 1418 443 1473; x_wconf 78' lang='lat' dir='ltr'><strong>Eoetrefl</strong></span> <span class='ocrx_word' id='word_1_78' title='bbox 460 1423 499 1471; x_wconf 76' lang='lat' dir='ltr'><strong>du</strong></span> <span class='ocrx_word' id='word_1_79' title='bbox 520 1426 661 1472; x_wconf 74' lang='lat' dir='ltr'><strong>minmortl</strong></span> <span class='ocrx_word' id='word_1_80' title='bbox 680 1417 816 1471; x_wconf 77' lang='lat' dir='ltr'><strong>tf&#39;Arrtold</strong></span> <span class='ocrx_word' id='word_1_81' title='bbox 838 1417 912 1484; x_wconf 78' lang='lat' dir='ltr'><strong>Trol,</strong></span> <span class='ocrx_word' id='word_1_82' title='bbox 934 1421 987 1482; x_wconf 80' lang='lat' dir='ltr'><strong>soff</strong></span> <span class='ocrx_word' id='word_1_83' title='bbox 1005 1433 1039 1469; x_wconf 82' lang='lat' dir='ltr'><strong>en</strong></span> <span class='ocrx_word' id='word_1_84' title='bbox 1058 1421 1121 1469; x_wconf 78' lang='lat' dir='ltr'><strong>dole</strong></span> <span class='ocrx_word' id='word_1_85' title='bbox 1138 1421 1177 1468; x_wconf 75' lang='lat' dir='ltr'><strong>du</strong></span> <span class='ocrx_word' id='word_1_86' title='bbox 1197 1415 1230 1467; x_wconf 70' lang='lat'><strong>{5</strong></span> <span class='ocrx_word' id='word_1_87' title='bbox 1249 1416 1293 1468; x_wconf 74' lang='grc' dir='ltr'><strong>αι’·</strong></span> 
     </span>
     <span class='ocr_line' id='line_1_11' title="bbox 375 1507 1191 1572; baseline -0.004 -9"><span class='ocrx_word' id='word_1_88' title='bbox 375 1513 480 1563; x_wconf 73' lang='lat' dir='ltr'><strong>cambra</strong></span> <span class='ocrx_word' id='word_1_89' title='bbox 500 1509 582 1572; x_wconf 77' lang='lat' dir='ltr'><strong>fauo,</strong></span> <span class='ocrx_word' id='word_1_90' title='bbox 601 1513 699 1562; x_wconf 73' lang='lat' dir='ltr'><strong>aenam</strong></span> <span class='ocrx_word' id='word_1_91' title='bbox 718 1513 742 1562; x_wconf 84' lang='lat' dir='ltr'><strong>le</strong></span> <span class='ocrx_word' id='word_1_92' title='bbox 760 1507 869 1563; x_wconf 80' lang='lat' dir='ltr'><strong>notoire</strong></span> <span class='ocrx_word' id='word_1_93' title='bbox 889 1507 1005 1562; x_wconf 75' lang='lat' dir='ltr'><strong>Nfeoloe</strong></span> <span class='ocrx_word' id='word_1_94' title='bbox 1023 1511 1057 1560; x_wconf 78' lang='lat' dir='ltr'><strong>de</strong></span> <span class='ocrx_word' id='word_1_95' title='bbox 1077 1507 1191 1571; x_wconf 66' lang='lat' dir='ltr'><strong>cnam.</strong></span> 
     </span>
    </p>
   </div>
   <div class='ocr_carea' id='block_1_5' title="bbox 233 1663 1412 3820">
    <p class='ocr_par' dir='ltr' id='par_1_5' title="bbox 233 1663 1412 3820">
     <span class='ocr_line' id='line_1_12' title="bbox 283 1663 1329 1744; baseline 0 -18"><span class='ocrx_word' id='word_1_96' title='bbox 283 1663 422 1744; x_wconf 77' lang='lat' dir='ltr'><strong>Insuper</strong></span> <span class='ocrx_word' id='word_1_97' title='bbox 435 1681 474 1730; x_wconf 86' lang='lat' dir='ltr'><strong>ex</strong></span> <span class='ocrx_word' id='word_1_98' title='bbox 489 1664 620 1731; x_wconf 81' lang='lat' dir='ltr'><strong>residuo</strong></span> <span class='ocrx_word' id='word_1_99' title='bbox 632 1666 791 1730; x_wconf 90' lang='lat' dir='ltr'><strong>bonorum</strong></span> <span class='ocrx_word' id='word_1_100' title='bbox 808 1681 955 1740; x_wconf 90' lang='lat' dir='ltr'><strong>suorum,</strong></span> <span class='ocrx_word' id='word_1_101' title='bbox 972 1674 1035 1729; x_wconf 92' lang='lat' dir='ltr'><strong>tam</strong></span> <span class='ocrx_word' id='word_1_102' title='bbox 1051 1663 1216 1730; x_wconf 87' lang='lat' dir='ltr'><strong>mobilium</strong></span> <span class='ocrx_word' id='word_1_103' title='bbox 1233 1678 1329 1744; x_wconf 90' lang='lat' dir='ltr'><strong>quam</strong></span> 
     </span>
     <span class='ocr_line' id='line_1_13' title="bbox 235 1762 1328 1846; baseline 0.002 -20"><span class='ocrx_word' id='word_1_104' title='bbox 235 1762 460 1840; x_wconf 85' lang='lat' dir='ltr'><strong>immobilium,</strong></span> <span class='ocrx_word' id='word_1_105' title='bbox 473 1771 505 1828; x_wconf 93' lang='lat' dir='ltr'><strong>et</strong></span> <span class='ocrx_word' id='word_1_106' title='bbox 516 1763 749 1846; x_wconf 82' lang='lat' dir='ltr'><strong>promptiorem</strong></span> <span class='ocrx_word' id='word_1_107' title='bbox 763 1764 795 1828; x_wconf 93' lang='lat' dir='ltr'><strong>in</strong></span> <span class='ocrx_word' id='word_1_108' title='bbox 806 1763 948 1830; x_wconf 82' lang='lat' dir='ltr'><strong>boranio</strong></span> <span class='ocrx_word' id='word_1_109' title='bbox 961 1763 1167 1830; x_wconf 82' lang='lat' dir='ltr'><strong>existentium</strong></span> <span class='ocrx_word' id='word_1_110' title='bbox 1175 1771 1213 1826; x_wconf 87' lang='lat' dir='ltr'><strong>et</strong></span> <span class='ocrx_word' id='word_1_111' title='bbox 1225 1771 1328 1836; x_wconf 86' lang='lat' dir='ltr'><strong>extra.</strong></span> 
     </span>
     <span class='ocr_line' id='line_1_14' title="bbox 239 1862 1329 1946; baseline -0.003 -19"><span class='ocrx_word' id='word_1_112' title='bbox 239 1862 422 1944; x_wconf 84' lang='lat' dir='ltr'><strong>dequibus</strong></span> <span class='ocrx_word' id='word_1_113' title='bbox 447 1880 513 1928; x_wconf 94' lang='lat' dir='ltr'><strong>non</strong></span> <span class='ocrx_word' id='word_1_114' title='bbox 538 1870 587 1930; x_wconf 89' lang='lat' dir='ltr'><strong>est</strong></span> <span class='ocrx_word' id='word_1_115' title='bbox 614 1864 696 1930; x_wconf 89' lang='lat' dir='ltr'><strong>facta</strong></span> <span class='ocrx_word' id='word_1_116' title='bbox 721 1863 854 1938; x_wconf 90' lang='lat' dir='ltr'><strong>mentio,</strong></span> <span class='ocrx_word' id='word_1_117' title='bbox 879 1873 1003 1946; x_wconf 86' lang='lat' dir='ltr'><strong>septem</strong></span> <span class='ocrx_word' id='word_1_118' title='bbox 1028 1863 1144 1928; x_wconf 89' lang='lat' dir='ltr'><strong>bursas</strong></span> <span class='ocrx_word' id='word_1_119' title='bbox 1169 1879 1227 1927; x_wconf 85' lang='lat' dir='ltr'><strong>seu</strong></span> <span class='ocrx_word' id='word_1_120' title='bbox 1254 1878 1329 1942; x_wconf 91' lang='lat' dir='ltr'><strong>por·</strong></span> 
     </span>
     <span class='ocr_line' id='line_1_15' title="bbox 238 1961 1329 2044; baseline 0 -18"><span class='ocrx_word' id='word_1_121' title='bbox 238 1961 346 2028; x_wconf 84' lang='lat' dir='ltr'><strong>tiones</strong></span> <span class='ocrx_word' id='word_1_122' title='bbox 362 1979 420 2043; x_wconf 90' lang='lat' dir='ltr'><strong>per</strong></span> <span class='ocrx_word' id='word_1_123' title='bbox 435 1979 514 2028; x_wconf 87' lang='lat' dir='ltr'><strong>suos</strong></span> <span class='ocrx_word' id='word_1_124' title='bbox 536 1972 727 2028; x_wconf 75' lang='lat' dir='ltr'><strong>executores</strong></span> <span class='ocrx_word' id='word_1_125' title='bbox 752 1962 977 2044; x_wconf 77' lang='lat' dir='ltr'><strong>infrascriptos</strong></span> <span class='ocrx_word' id='word_1_126' title='bbox 999 1961 1125 2029; x_wconf 81' lang='lat' dir='ltr'><strong>fundari</strong></span> <span class='ocrx_word' id='word_1_127' title='bbox 1148 1961 1248 2028; x_wconf 89' lang='lat' dir='ltr'><strong>voluit</strong></span> <span class='ocrx_word' id='word_1_128' title='bbox 1270 1977 1329 2042; x_wconf 94' lang='lat' dir='ltr'><strong>pro</strong></span> 
     </span>
     <span class='ocr_line' id='line_1_16' title="bbox 240 2060 1329 2141; baseline -0.002 -15"><span class='ocrx_word' id='word_1_129' title='bbox 240 2070 363 2140; x_wconf 83' lang='lat' dir='ltr'><strong>septem</strong></span> <span class='ocrx_word' id='word_1_130' title='bbox 390 2060 586 2141; x_wconf 88' lang='lat' dir='ltr'><strong>pauperibus</strong></span> <span class='ocrx_word' id='word_1_131' title='bbox 612 2060 818 2128; x_wconf 80' lang='lat' dir='ltr'><strong>studentibus</strong></span> <span class='ocrx_word' id='word_1_132' title='bbox 839 2062 875 2125; x_wconf 87' lang='lat' dir='ltr'><strong>in</strong></span> <span class='ocrx_word' id='word_1_133' title='bbox 904 2061 1053 2128; x_wconf 74' lang='lat' dir='ltr'><strong>facultate</strong></span> <span class='ocrx_word' id='word_1_134' title='bbox 1078 2060 1206 2136; x_wconf 75' lang='lat' dir='ltr'><strong>arbam,</strong></span> <span class='ocrx_word' id='word_1_135' title='bbox 1234 2067 1329 2140; x_wconf 86' lang='lat' dir='ltr'><strong>prout</strong></span> 
     </span>
     <span class='ocr_line' id='line_1_17' title="bbox 240 2158 1330 2242; baseline 0 -16"><span class='ocrx_word' id='word_1_136' title='bbox 240 2158 363 2226; x_wconf 87' lang='lat' dir='ltr'><strong>eisdem</strong></span> <span class='ocrx_word' id='word_1_137' title='bbox 378 2159 606 2228; x_wconf 80' lang='lat' dir='ltr'><strong>executoribus</strong></span> <span class='ocrx_word' id='word_1_138' title='bbox 621 2160 801 2236; x_wconf 77' lang='lat' dir='ltr'><strong>videbitur,</strong></span> <span class='ocrx_word' id='word_1_139' title='bbox 819 2162 862 2226; x_wconf 89' lang='lat' dir='ltr'><strong>ita</strong></span> <span class='ocrx_word' id='word_1_140' title='bbox 878 2161 964 2242; x_wconf 89' lang='lat' dir='ltr'><strong>quod</strong></span> <span class='ocrx_word' id='word_1_141' title='bbox 977 2161 1112 2242; x_wconf 84' lang='lat' dir='ltr'><strong>quilibet</strong></span> <span class='ocrx_word' id='word_1_142' title='bbox 1123 2159 1199 2226; x_wconf 89' lang='lat' dir='ltr'><strong>talis</strong></span> <span class='ocrx_word' id='word_1_143' title='bbox 1213 2159 1330 2226; x_wconf 58' lang='lat' dir='ltr'><strong>baben</strong></span> 
     </span>
     <span class='ocr_line' id='line_1_18' title="bbox 237 2257 1326 2340; baseline 0 -18"><span class='ocrx_word' id='word_1_144' title='bbox 237 2257 325 2322; x_wconf 93' lang='lat' dir='ltr'><strong>omni</strong></span> <span class='ocrx_word' id='word_1_145' title='bbox 349 2258 527 2340; x_wconf 81' lang='lat' dir='ltr'><strong>septimana</strong></span> <span class='ocrx_word' id='word_1_146' title='bbox 549 2267 687 2340; x_wconf 91' lang='lat' dir='ltr'><strong>quatuor</strong></span> <span class='ocrx_word' id='word_1_147' title='bbox 709 2259 862 2326; x_wconf 88' lang='lat' dir='ltr'><strong>stuferos.</strong></span> <span class='ocrx_word' id='word_1_148' title='bbox 889 2260 927 2324; x_wconf 80' lang='lat' dir='ltr'><strong>lit</strong></span> <span class='ocrx_word' id='word_1_149' title='bbox 949 2259 1113 2326; x_wconf 90' lang='lat' dir='ltr'><strong>humiliter</strong></span> <span class='ocrx_word' id='word_1_150' title='bbox 1133 2259 1272 2340; x_wconf 75' lang='lat' dir='ltr'><strong>rogavit,</strong></span> <span class='ocrx_word' id='word_1_151' title='bbox 1291 2267 1326 2328; x_wconf 89' lang='lat' dir='ltr'><strong>ut</strong></span> 
     </span>
     <span class='ocr_line' id='line_1_19' title="bbox 238 2356 1327 2439; baseline -0.003 -16"><span class='ocrx_word' id='word_1_152' title='bbox 238 2357 423 2439; x_wconf 77' lang='lat' dir='ltr'><strong>huiusmodi</strong></span> <span class='ocrx_word' id='word_1_153' title='bbox 444 2357 603 2422; x_wconf 82' lang='lat' dir='ltr'><strong>burseriis</strong></span> <span class='ocrx_word' id='word_1_154' title='bbox 614 2358 725 2424; x_wconf 89' lang='lat' dir='ltr'><strong>locum</strong></span> <span class='ocrx_word' id='word_1_155' title='bbox 741 2373 886 2424; x_wconf 91' lang='lat' dir='ltr'><strong>annuere</strong></span> <span class='ocrx_word' id='word_1_156' title='bbox 901 2357 1074 2438; x_wconf 77' lang='lat' dir='ltr'><strong>dignentur</strong></span> <span class='ocrx_word' id='word_1_157' title='bbox 1097 2358 1129 2421; x_wconf 92' lang='lat' dir='ltr'><strong>in</strong></span> <span class='ocrx_word' id='word_1_158' title='bbox 1146 2357 1243 2424; x_wconf 85' lang='lat' dir='ltr'><strong>domo</strong></span> <span class='ocrx_word' id='word_1_159' title='bbox 1259 2356 1327 2422; x_wconf 92' lang='lat' dir='ltr'><strong>eol·</strong></span> 
     </span>
     <span class='ocr_line' id='line_1_20' title="bbox 238 2455 1328 2538; baseline 0.002 -18"><span class='ocrx_word' id='word_1_160' title='bbox 238 2455 344 2538; x_wconf 77' lang='lat' dir='ltr'><strong>legiali</strong></span> <span class='ocrx_word' id='word_1_161' title='bbox 360 2473 418 2536; x_wconf 92' lang='lat' dir='ltr'><strong>per</strong></span> <span class='ocrx_word' id='word_1_162' title='bbox 432 2457 594 2538; x_wconf 88' lang='lat' dir='ltr'><strong>quondam</strong></span> <span class='ocrx_word' id='word_1_163' title='bbox 616 2457 807 2538; x_wconf 81' lang='lat' dir='ltr'><strong>magistrum</strong></span> <span class='ocrx_word' id='word_1_164' title='bbox 830 2456 1038 2522; x_wconf 85' lang='lat' dir='ltr'><strong>Godefridum</strong></span> <span class='ocrx_word' id='word_1_165' title='bbox 1062 2456 1224 2524; x_wconf 81' lang='lat' dir='ltr'><strong>Godefridi</strong></span> <span class='ocrx_word' id='word_1_166' title='bbox 1243 2456 1328 2522; x_wconf 90' lang='lat' dir='ltr'><strong>alias</strong></span> 
     </span>
     <span class='ocr_line' id='line_1_21' title="bbox 238 2553 1329 2638; baseline 0.002 -20"><span class='ocrx_word' id='word_1_167' title='bbox 238 2553 432 2632; x_wconf 84' lang='lat' dir='ltr'><strong>llalredevel,</strong></span> <span class='ocrx_word' id='word_1_168' title='bbox 449 2555 510 2620; x_wconf 88' lang='lat' dir='ltr'><strong>sita</strong></span> <span class='ocrx_word' id='word_1_169' title='bbox 532 2574 572 2637; x_wconf 88' lang='lat' dir='ltr'><strong>op</strong></span> <span class='ocrx_word' id='word_1_170' title='bbox 594 2557 632 2620; x_wconf 78' lang='lat' dir='ltr'><strong>tle</strong></span> <span class='ocrx_word' id='word_1_171' title='bbox 647 2557 728 2636; x_wconf 77' lang='lat' dir='ltr'><strong>Lepe</strong></span> <span class='ocrx_word' id='word_1_172' title='bbox 749 2565 870 2631; x_wconf 86' lang='lat' dir='ltr'><strong>erecta,</strong></span> <span class='ocrx_word' id='word_1_173' title='bbox 887 2556 971 2632; x_wconf 87' lang='lat' dir='ltr'><strong>viso,</strong></span> <span class='ocrx_word' id='word_1_174' title='bbox 988 2556 1074 2638; x_wconf 90' lang='lat' dir='ltr'><strong>quod</strong></span> <span class='ocrx_word' id='word_1_175' title='bbox 1099 2555 1144 2618; x_wconf 92' lang='lat' dir='ltr'><strong>ibi</strong></span> <span class='ocrx_word' id='word_1_176' title='bbox 1165 2556 1231 2622; x_wconf 87' lang='lat' dir='ltr'><strong>sim</strong></span> <span class='ocrx_word' id='word_1_177' title='bbox 1247 2573 1329 2637; x_wconf 88' lang='lat' dir='ltr'><strong>pau·</strong></span> 
     </span>
     <span class='ocr_line' id='line_1_22' title="bbox 237 2653 1328 2735; baseline 0.001 -17"><span class='ocrx_word' id='word_1_178' title='bbox 237 2653 361 2720; x_wconf 88' lang='lat' dir='ltr'><strong>cissimi</strong></span> <span class='ocrx_word' id='word_1_179' title='bbox 387 2654 536 2720; x_wconf 88' lang='lat' dir='ltr'><strong>bursales</strong></span> <span class='ocrx_word' id='word_1_180' title='bbox 562 2663 594 2720; x_wconf 87' lang='lat' dir='ltr'><strong>et</strong></span> <span class='ocrx_word' id='word_1_181' title='bbox 619 2654 769 2720; x_wconf 86' lang='lat' dir='ltr'><strong>debiliter</strong></span> <span class='ocrx_word' id='word_1_182' title='bbox 795 2654 929 2730; x_wconf 86' lang='lat' dir='ltr'><strong>fundati,</strong></span> <span class='ocrx_word' id='word_1_183' title='bbox 954 2654 1077 2735; x_wconf 88' lang='lat' dir='ltr'><strong>absque</strong></span> <span class='ocrx_word' id='word_1_184' title='bbox 1103 2663 1209 2718; x_wconf 90' lang='lat' dir='ltr'><strong>tamen</strong></span> <span class='ocrx_word' id='word_1_185' title='bbox 1236 2669 1328 2734; x_wconf 87' lang='lat' dir='ltr'><strong>prae·</strong></span> 
     </span>
     <span class='ocr_line' id='line_1_23' title="bbox 234 2750 1328 2834; baseline 0 -18"><span class='ocrx_word' id='word_1_186' title='bbox 234 2751 357 2833; x_wconf 86' lang='lat' dir='ltr'><strong>judicio</strong></span> <span class='ocrx_word' id='word_1_187' title='bbox 396 2751 582 2833; x_wconf 74' lang='lat' dir='ltr'><strong>huiusmodi</strong></span> <span class='ocrx_word' id='word_1_188' title='bbox 616 2750 804 2826; x_wconf 79' lang='lat' dir='ltr'><strong>borealium,</strong></span> <span class='ocrx_word' id='word_1_189' title='bbox 836 2751 898 2818; x_wconf 89' lang='lat' dir='ltr'><strong>sub</strong></span> <span class='ocrx_word' id='word_1_190' title='bbox 935 2751 1078 2834; x_wconf 83' lang='lat' dir='ltr'><strong>gratiosa</strong></span> <span class='ocrx_word' id='word_1_191' title='bbox 1114 2767 1328 2831; x_wconf 83' lang='lat' dir='ltr'><strong>recompensa</strong></span> 
     </span>
     <span class='ocr_line' id='line_1_24' title="bbox 237 2849 1328 2931; baseline 0.002 -19"><span class='ocrx_word' id='word_1_192' title='bbox 237 2849 422 2931; x_wconf 89' lang='lat' dir='ltr'><strong>hujusmodi</strong></span> <span class='ocrx_word' id='word_1_193' title='bbox 446 2851 508 2916; x_wconf 90' lang='lat' dir='ltr'><strong>looi</strong></span> <span class='ocrx_word' id='word_1_194' title='bbox 531 2851 564 2914; x_wconf 94' lang='lat' dir='ltr'><strong>in</strong></span> <span class='ocrx_word' id='word_1_195' title='bbox 587 2852 837 2916; x_wconf 76' lang='lat' dir='ltr'><strong>conservatione</strong></span> <span class='ocrx_word' id='word_1_196' title='bbox 859 2849 975 2916; x_wconf 87' lang='lat' dir='ltr'><strong>domus</strong></span> <span class='ocrx_word' id='word_1_197' title='bbox 998 2849 1102 2930; x_wconf 87' lang='lat' dir='ltr'><strong>ipsius</strong></span> <span class='ocrx_word' id='word_1_198' title='bbox 1124 2849 1251 2931; x_wconf 81' lang='lat' dir='ltr'><strong>collegii</strong></span> <span class='ocrx_word' id='word_1_199' title='bbox 1273 2859 1328 2917; x_wconf 87' lang='lat' dir='ltr'><strong>eut</strong></span> 
     </span>
     <span class='ocr_line' id='line_1_25' title="bbox 235 2947 1327 3032; baseline 0 -19"><span class='ocrx_word' id='word_1_200' title='bbox 235 2949 327 3023; x_wconf 88' lang='lat' dir='ltr'><strong>alias,</strong></span> <span class='ocrx_word' id='word_1_201' title='bbox 355 2957 452 3032; x_wconf 89' lang='lat' dir='ltr'><strong>prout</strong></span> <span class='ocrx_word' id='word_1_202' title='bbox 480 2949 709 3016; x_wconf 84' lang='lat' dir='ltr'><strong>executoribus</strong></span> <span class='ocrx_word' id='word_1_203' title='bbox 739 2948 955 3029; x_wconf 79' lang='lat' dir='ltr'><strong>infrascriptis</strong></span> <span class='ocrx_word' id='word_1_204' title='bbox 979 2948 1152 3014; x_wconf 87' lang='lat' dir='ltr'><strong>videbitur.</strong></span> <span class='ocrx_word' id='word_1_205' title='bbox 1184 2947 1327 3022; x_wconf 85' lang='lat' dir='ltr'><strong>Quodsi</strong></span> 
     </span>
     <span class='ocr_line' id='line_1_26' title="bbox 235 3047 1327 3128; baseline 0 -16"><span class='ocrx_word' id='word_1_206' title='bbox 235 3047 373 3115; x_wconf 91' lang='lat' dir='ltr'><strong>obtineri</strong></span> <span class='ocrx_word' id='word_1_207' title='bbox 398 3051 501 3128; x_wconf 88' lang='lat' dir='ltr'><strong>possit</strong></span> <span class='ocrx_word' id='word_1_208' title='bbox 522 3049 628 3126; x_wconf 88' lang='lat' dir='ltr'><strong>loeus,</strong></span> <span class='ocrx_word' id='word_1_209' title='bbox 645 3047 722 3114; x_wconf 90' lang='lat' dir='ltr'><strong>flant</strong></span> <span class='ocrx_word' id='word_1_210' title='bbox 748 3047 792 3114; x_wconf 94' lang='lat' dir='ltr'><strong>ibi</strong></span> <span class='ocrx_word' id='word_1_211' title='bbox 814 3047 948 3114; x_wconf 87' lang='lat' dir='ltr'><strong>lecticae</strong></span> <span class='ocrx_word' id='word_1_212' title='bbox 970 3047 1011 3114; x_wconf 88' lang='lat' dir='ltr'><strong>de</strong></span> <span class='ocrx_word' id='word_1_213' title='bbox 1035 3048 1176 3114; x_wconf 91' lang='lat' dir='ltr'><strong>rotundo</strong></span> <span class='ocrx_word' id='word_1_214' title='bbox 1191 3058 1231 3114; x_wconf 85' lang='lat' dir='ltr'><strong>et</strong></span> <span class='ocrx_word' id='word_1_215' title='bbox 1246 3048 1327 3114; x_wconf 69' lang='lat' dir='ltr'><strong>‚forti</strong></span> 
     </span>
     <span class='ocr_line' id='line_1_27' title="bbox 235 3146 1327 3230; baseline 0.002 -19"><span class='ocrx_word' id='word_1_216' title='bbox 235 3163 346 3228; x_wconf 88' lang='lat' dir='ltr'><strong>opere,</strong></span> <span class='ocrx_word' id='word_1_217' title='bbox 365 3148 407 3212; x_wconf 90' lang='lat' dir='ltr'><strong>ita</strong></span> <span class='ocrx_word' id='word_1_218' title='bbox 423 3148 507 3230; x_wconf 89' lang='lat' dir='ltr'><strong>quod</strong></span> <span class='ocrx_word' id='word_1_219' title='bbox 524 3148 589 3212; x_wconf 89' lang='lat' dir='ltr'><strong>duo</strong></span> <span class='ocrx_word' id='word_1_220' title='bbox 602 3147 697 3212; x_wconf 89' lang='lat' dir='ltr'><strong>simul</strong></span> <span class='ocrx_word' id='word_1_221' title='bbox 713 3146 886 3221; x_wconf 89' lang='lat' dir='ltr'><strong>dormiant,</strong></span> <span class='ocrx_word' id='word_1_222' title='bbox 901 3163 1039 3228; x_wconf 92' lang='lat' dir='ltr'><strong>quorum</strong></span> <span class='ocrx_word' id='word_1_223' title='bbox 1056 3163 1140 3212; x_wconf 88' lang='lat' dir='ltr'><strong>unus</strong></span> <span class='ocrx_word' id='word_1_224' title='bbox 1156 3148 1327 3228; x_wconf 87' lang='lat' dir='ltr'><strong>providere</strong></span> 
     </span>
     <span class='ocr_line' id='line_1_28' title="bbox 235 3243 1325 3326; baseline -0.001 -15"><span class='ocrx_word' id='word_1_225' title='bbox 235 3246 396 3311; x_wconf 87' lang='lat' dir='ltr'><strong>tenebitur</strong></span> <span class='ocrx_word' id='word_1_226' title='bbox 417 3247 457 3311; x_wconf 86' lang='lat' dir='ltr'><strong>tle</strong></span> <span class='ocrx_word' id='word_1_227' title='bbox 473 3245 569 3320; x_wconf 88' lang='lat' dir='ltr'><strong>lecto,</strong></span> <span class='ocrx_word' id='word_1_228' title='bbox 587 3246 669 3311; x_wconf 87' lang='lat' dir='ltr'><strong>alter</strong></span> <span class='ocrx_word' id='word_1_229' title='bbox 692 3246 733 3312; x_wconf 89' lang='lat' dir='ltr'><strong>de</strong></span> <span class='ocrx_word' id='word_1_230' title='bbox 749 3243 987 3310; x_wconf 88' lang='lat' dir='ltr'><strong>linteaminibus</strong></span> <span class='ocrx_word' id='word_1_231' title='bbox 1002 3252 1037 3310; x_wconf 89' lang='lat' dir='ltr'><strong>ct</strong></span> <span class='ocrx_word' id='word_1_232' title='bbox 1058 3245 1251 3326; x_wconf 86' lang='lat' dir='ltr'><strong>supellectili</strong></span> <span class='ocrx_word' id='word_1_233' title='bbox 1261 3263 1325 3311; x_wconf 83' lang='lat' dir='ltr'><strong>seu</strong></span> 
     </span>
     <span class='ocr_line' id='line_1_29' title="bbox 234 3343 1326 3426; baseline -0.001 -15"><span class='ocrx_word' id='word_1_234' title='bbox 234 3346 452 3425; x_wconf 87' lang='lat' dir='ltr'><strong>coopertorio.</strong></span> <span class='ocrx_word' id='word_1_235' title='bbox 483 3345 652 3412; x_wconf 87' lang='lat' dir='ltr'><strong>Praeterea</strong></span> <span class='ocrx_word' id='word_1_236' title='bbox 680 3345 793 3421; x_wconf 89' lang='lat' dir='ltr'><strong>voluit,</strong></span> <span class='ocrx_word' id='word_1_237' title='bbox 824 3343 910 3426; x_wconf 91' lang='lat' dir='ltr'><strong>quod</strong></span> <span class='ocrx_word' id='word_1_238' title='bbox 939 3344 972 3408; x_wconf 93' lang='lat' dir='ltr'><strong>in</strong></span> <span class='ocrx_word' id='word_1_239' title='bbox 1002 3343 1186 3425; x_wconf 86' lang='lat' dir='ltr'><strong>hujusmodi</strong></span> <span class='ocrx_word' id='word_1_240' title='bbox 1212 3345 1326 3410; x_wconf 45' lang='lat' dir='ltr'><strong>*bursis</strong></span> 
     </span>
     <span class='ocr_line' id='line_1_30' title="bbox 234 3443 1325 3527; baseline 0.001 -20"><span class='ocrx_word' id='word_1_241' title='bbox 234 3445 397 3509; x_wconf 83' lang='lat' dir='ltr'><strong>testatoris</strong></span> <span class='ocrx_word' id='word_1_242' title='bbox 420 3461 549 3527; x_wconf 89' lang='lat' dir='ltr'><strong>semper</strong></span> <span class='ocrx_word' id='word_1_243' title='bbox 566 3445 787 3526; x_wconf 86' lang='lat' dir='ltr'><strong>praeferantur</strong></span> <span class='ocrx_word' id='word_1_244' title='bbox 808 3443 928 3509; x_wconf 87' lang='lat' dir='ltr'><strong>ceteris</strong></span> <span class='ocrx_word' id='word_1_245' title='bbox 943 3443 1002 3520; x_wconf 94' lang='lat' dir='ltr'><strong>illi,</strong></span> <span class='ocrx_word' id='word_1_246' title='bbox 1019 3443 1074 3526; x_wconf 91' lang='lat' dir='ltr'><strong>qui</strong></span> <span class='ocrx_word' id='word_1_247' title='bbox 1096 3452 1173 3509; x_wconf 88' lang='lat' dir='ltr'><strong>sunt</strong></span> <span class='ocrx_word' id='word_1_248' title='bbox 1190 3443 1235 3509; x_wconf 69' lang='grc' dir='ltr'><strong>ὼ</strong></span> <span class='ocrx_word' id='word_1_249' title='bbox 1247 3459 1325 3508; x_wconf 88' lang='lat' dir='ltr'><strong>san-</strong></span> 
     </span>
     <span class='ocr_line' id='line_1_31' title="bbox 233 3543 1324 3625; baseline 0.001 -18"><span class='ocrx_word' id='word_1_250' title='bbox 233 3543 330 3624; x_wconf 79' lang='lat' dir='ltr'><strong>guine</strong></span> <span class='ocrx_word' id='word_1_251' title='bbox 353 3559 410 3608; x_wconf 91' lang='lat' dir='ltr'><strong>seu</strong></span> <span class='ocrx_word' id='word_1_252' title='bbox 434 3544 596 3623; x_wconf 91' lang='lat' dir='ltr'><strong>parentela</strong></span> <span class='ocrx_word' id='word_1_253' title='bbox 614 3543 760 3625; x_wconf 77' lang='lat' dir='ltr'><strong>eiusdem</strong></span> <span class='ocrx_word' id='word_1_254' title='bbox 783 3543 960 3608; x_wconf 86' lang='lat' dir='ltr'><strong>testatoris.</strong></span> <span class='ocrx_word' id='word_1_255' title='bbox 979 3543 1106 3625; x_wconf 81' lang='lat' dir='ltr'><strong>Reliqui</strong></span> <span class='ocrx_word' id='word_1_256' title='bbox 1129 3551 1235 3608; x_wconf 85' lang='lat' dir='ltr'><strong>aulem</strong></span> <span class='ocrx_word' id='word_1_257' title='bbox 1258 3559 1324 3608; x_wconf 81' lang='lat' dir='ltr'><strong>ntur</strong></span> 
     </span>
     <span class='ocr_line' id='line_1_32' title="bbox 234 3641 1324 3724; baseline 0.002 -18"><span class='ocrx_word' id='word_1_258' title='bbox 234 3643 361 3723; x_wconf 70' lang='lat' dir='ltr'><strong>cognati</strong></span> <span class='ocrx_word' id='word_1_259' title='bbox 378 3641 495 3706; x_wconf 89' lang='lat' dir='ltr'><strong>debent</strong></span> <span class='ocrx_word' id='word_1_260' title='bbox 511 3643 580 3724; x_wconf 88' lang='lat' dir='ltr'><strong>oapi</strong></span> <span class='ocrx_word' id='word_1_261' title='bbox 595 3659 635 3707; x_wconf 81' lang='lat' dir='ltr'><strong>ex</strong></span> <span class='ocrx_word' id='word_1_262' title='bbox 658 3642 778 3724; x_wconf 87' lang='lat' dir='ltr'><strong>oppido</strong></span> <span class='ocrx_word' id='word_1_263' title='bbox 804 3642 1027 3708; x_wconf 85' lang='lat' dir='ltr'><strong>lfecbliuieusi</strong></span> <span class='ocrx_word' id='word_1_264' title='bbox 1051 3651 1105 3707; x_wconf 89' lang='lat' dir='ltr'><strong>aut</strong></span> <span class='ocrx_word' id='word_1_265' title='bbox 1128 3641 1259 3724; x_wconf 76' lang='lat' dir='ltr'><strong>villagio</strong></span> <span class='ocrx_word' id='word_1_266' title='bbox 1281 3641 1324 3708; x_wconf 78' lang='lat' dir='ltr'><strong>tle</strong></span> 
     </span>
     <span class='ocr_line' id='line_1_33' title="bbox 234 3737 1412 3820; baseline 0.004 -18"><span class='ocrx_word' id='word_1_267' title='bbox 234 3739 389 3805; x_wconf 83' lang='lat' dir='ltr'><strong>liusenon</strong></span> <span class='ocrx_word' id='word_1_268' title='bbox 405 3741 565 3820; x_wconf 74' lang='lat' dir='ltr'><strong>(Meysen),</strong></span> <span class='ocrx_word' id='word_1_269' title='bbox 583 3757 646 3804; x_wconf 95' lang='lat' dir='ltr'><strong>non</strong></span> <span class='ocrx_word' id='word_1_270' title='bbox 669 3739 797 3810; x_wconf 81' lang='lat' dir='ltr'><strong>divites.</strong></span> <span class='ocrx_word' id='word_1_271' title='bbox 815 3756 880 3804; x_wconf 91' lang='lat' dir='ltr'><strong>non</strong></span> <span class='ocrx_word' id='word_1_272' title='bbox 896 3739 1129 3816; x_wconf 83' lang='lat' dir='ltr'><strong>mendicantes,</strong></span> <span class='ocrx_word' id='word_1_273' title='bbox 1146 3741 1205 3806; x_wconf 87' lang='lat' dir='ltr'><strong>sed</strong></span> <span class='ocrx_word' id='word_1_274' title='bbox 1225 3740 1321 3817; x_wconf 81' lang='lat' dir='ltr'><strong>mles,</strong></span> <span class='ocrx_word' id='word_1_275' title='bbox 1408 3737 1412 3748; x_wconf 91' lang='lat'>&#39;</span> 
     </span>
    </p>
   </div>
   <div class='ocr_carea' id='block_1_6' title="bbox 124 3837 1324 4012">
    <p class='ocr_par' dir='ltr' id='par_1_6' title="bbox 124 3837 1324 4012">
     <span class='ocr_line' id='line_1_34' title="bbox 124 3837 1324 3919; baseline 0.002 -19"><span class='ocrx_word' id='word_1_276' title='bbox 124 3883 131 3900; x_wconf 88' lang='lat'>.</span> <span class='ocrx_word' id='word_1_277' title='bbox 233 3855 371 3918; x_wconf 90' lang='lat' dir='ltr'><strong>quorum</strong></span> <span class='ocrx_word' id='word_1_278' title='bbox 401 3848 551 3918; x_wconf 86' lang='lat' dir='ltr'><strong>parentes</strong></span> <span class='ocrx_word' id='word_1_279' title='bbox 582 3856 645 3904; x_wconf 91' lang='lat' dir='ltr'><strong>non</strong></span> <span class='ocrx_word' id='word_1_280' title='bbox 675 3837 840 3904; x_wconf 86' lang='lat' dir='ltr'><strong>sufficiunt</strong></span> <span class='ocrx_word' id='word_1_281' title='bbox 869 3837 954 3905; x_wconf 88' lang='lat' dir='ltr'><strong>filios</strong></span> <span class='ocrx_word' id='word_1_282' title='bbox 983 3855 1062 3904; x_wconf 89' lang='lat' dir='ltr'><strong>suos</strong></span> <span class='ocrx_word' id='word_1_283' title='bbox 1091 3840 1236 3906; x_wconf 89' lang='lat' dir='ltr'><strong>enutrire</strong></span> <span class='ocrx_word' id='word_1_284' title='bbox 1266 3854 1324 3919; x_wconf 90' lang='lat' dir='ltr'><strong>per</strong></span> 
     </span>
     <span class='ocr_line' id='line_1_35' title="bbox 149 3937 541 4012; baseline 0.005 -12"><span class='ocrx_word' id='word_1_285' title='bbox 149 3997 152 4012; x_wconf 64' lang='lat'><strong>,</strong></span> <span class='ocrx_word' id='word_1_286' title='bbox 233 3937 341 4004; x_wconf 83' lang='lat' dir='ltr'><strong>omnia</strong></span> <span class='ocrx_word' id='word_1_287' title='bbox 357 3937 390 4002; x_wconf 93' lang='lat' dir='ltr'><strong>in</strong></span> <span class='ocrx_word' id='word_1_288' title='bbox 406 3937 541 4004; x_wconf 89' lang='lat' dir='ltr'><strong>sobolis.</strong></span> 
     </span>
    </p>
   </div>
   <div class='ocr_carea' id='block_1_7' title="bbox 275 4035 1321 4120">
    <p class='ocr_par' dir='ltr' id='par_1_7' title="bbox 275 4035 1321 4120">
     <span class='ocr_line' id='line_1_36' title="bbox 275 4035 1321 4120; baseline 0.011 -22"><span class='ocrx_word' id='word_1_289' title='bbox 275 4035 353 4101; x_wconf 92' lang='lat' dir='ltr'><strong>ltem</strong></span> <span class='ocrx_word' id='word_1_290' title='bbox 371 4035 505 4101; x_wconf 91' lang='lat' dir='ltr'><strong>ulterius</strong></span> <span class='ocrx_word' id='word_1_291' title='bbox 518 4037 685 4118; x_wconf 89' lang='lat' dir='ltr'><strong>requisivit</strong></span> <span class='ocrx_word' id='word_1_292' title='bbox 700 4048 731 4102; x_wconf 93' lang='lat' dir='ltr'><strong>et</strong></span> <span class='ocrx_word' id='word_1_293' title='bbox 746 4037 858 4112; x_wconf 87' lang='lat' dir='ltr'><strong>voluit,</strong></span> <span class='ocrx_word' id='word_1_294' title='bbox 871 4038 957 4119; x_wconf 89' lang='lat' dir='ltr'><strong>quod</strong></span> <span class='ocrx_word' id='word_1_295' title='bbox 974 4035 1321 4120; x_wconf 67' lang='lat' dir='ltr'><strong>huiuamodibursales</strong></span> 
     </span>
    </p>
   </div>
   <div class='ocr_carea' id='block_1_8' title="bbox 0 0 1628 4954">
    <p class='ocr_par' dir='ltr' id='par_1_8' title="bbox 0 0 1628 4954">
     <span class='ocr_line' id='line_1_37' title="bbox 0 0 1628 4954; baseline 0 2"><span class='ocrx_word' id='word_1_296' title='bbox 0 0 1628 4954; x_wconf 95' lang='lat' dir='ltr'><strong> </strong></span> 
     </span>
    </p>
   </div>
  </div>
 </body>
</html>
