3232 4942
711 442 900 505 ⁴513-

258 620 378 686 svices
403 619 530 702 aliquos
556 619 735 702 rependero
762 621 883 706 nationi
911 621 1114 698 llibernicae,
1139 639 1156 685 a
1183 637 1246 702 qua
1273 621 1349 686 olim

259 741 274 780 s
291 719 434 800 Belgium
447 727 592 784 nostrum
606 719 727 800 primos
740 737 918 800 praecones
930 720 1032 786 sancti
1047 707 1210 802 Evangelii
1225 737 1265 786 au
1275 711 1349 806 fidei

258 818 468 883 »catholicae
496 819 632 899 accepit.
663 820 715 884 Sic
747 819 844 900 igitur
873 837 1041 900 speramus
1073 836 1130 898 per
1158 815 1347 900 praesentes

259 917 520 982 »serenissimae
547 918 680 982 Vestrae
706 917 914 982 celsitudinis
936 918 1098 983 desiderio
1126 918 1230 982 lacere
1254 915 1346 993 satis,

260 1014 464 1090 sufferentes
494 1016 534 1081 de
563 1026 672 1082 cetero
701 1017 733 1079 in
763 1016 835 1080 aliis
864 1016 1014 1082 omnibus
1045 1016 1208 1106 lrumilitor
1238 1024 1346 1082 nostra

257 1114 458 1194 »obsequia
482 1131 520 1179 ac
546 1115 645 1180 lleurn
674 1115 831 1196 optimum
858 1115 1008 1180 omnibns
1036 1115 1119 1180 votis
1146 1109 1296 1192 orantes,
1313 1125 1347 1180 ut

259 1213 531 1278 »serenissimam
548 1215 692 1280 Vestram
716 1215 947 1280 celsitudinem
970 1215 1063 1278 nobis
1085 1231 1123 1278 ac
1144 1214 1202 1278 loti
1225 1214 1346 1294 patriae

259 1333 273 1372 n
290 1312 344 1376 diu
360 1322 468 1378 servet
489 1311 696 1390 incolumem,
715 1331 753 1378 oc
769 1323 881 1379 contra
905 1312 1016 1406 hostes
1032 1323 1064 1378 et
1079 1299 1219 1378 rebelles
1241 1311 1348 1391 victri-

258 1427 371 1476 ocem.
389 1412 502 1476 Datum
519 1412 661 1488 Lovanii,
679 1412 902 1478 dnovembris
920 1411 1012 1476 tono.
1029 1411 1148 1477 Rector
1164 1419 1195 1476 et
1210 1399 1345 1476 Un'iver·

256 1531 271 1568 n
288 1510 368 1574 sitas
385 1511 482 1576 studii
498 1512 663 1592 generalis
678 1511 902 1578 lovaniensis.
924 1535 938 1571 o

297 1607 352 1672 llis
382 1609 461 1673 visis
495 1610 610 1687 literis,
641 1611 854 1676 serenissima
889 1609 950 1674 Sua
981 1605 1144 1674 celsitudo
1181 1597 1342 1690 praedicta

254 1717 428 1788 sequentes
451 1708 561 1774 literas
584 1707 699 1790 gallice
723 1709 926 1789 conscriptas
943 1708 1109 1774 Fratribus
1126 1693 1342 1772 bominican'is

211 1877 214 1888 ι
254 1804 406 1870 Hibernis
440 1807 672 1888 benignissime
709 1808 875 1874 concessit
905 1828 912 1873 :
946 1807 1079 1888 «super
1108 1805 1343 1886 supplicatione

257 1905 370 1970 »laeta
393 1907 623 1972 serenissimae
645 1908 763 1972 lnlanti
786 1925 825 1972 es
847 1916 936 1989 parte
958 1907 1058 1988 patris
1076 1905 1176 1971 lloclrl
1198 1913 1341 1970 asanctn

255 2006 399 2081 scrupe,
424 2007 631 2087 provincialis
653 2008 778 2072 ordinis
803 2008 908 2072 sancti
930 2006 1090 2070 llominici
1114 2003 1146 2068 in
1173 1993 1337 2080 Hibernia,

255 2121 358 2169 »cum
381 2104 445 2186 jam
472 2121 489 2170 a
516 2105 646 2172 biennio
676 2105 731 2170 ille
758 2106 944 2186 exposuerit
967 2122 1003 2170 se
1028 2103 1180 2170 habuisse
1209 2098 1338 2166 domum

253 2225 268 2262 a
286 2219 344 2282 pro
359 2219 463 2268 annua
481 2203 636 2284 pensione
652 2203 684 2268 in
701 2204 916 2270 Universitate
932 2203 1136 2278 lovaniensi,
1150 2209 1336 2282 occupatam

252 2323 266 2362 a
283 2311 374 2368 antea
391 2319 448 2382 per
463 2312 571 2384 patres
588 2303 711 2384 Anglos
725 2303 896 2370 societatis
910 2304 999 2379 lesu,
1015 2312 1048 2367 ut
1064 2290 1107 2366 ib'i
1123 2301 1253 2368 studere
1269 2316 1338 2379 pro-

251 2407 373 2465 »ouret
396 2401 548 2466 iratribus
571 2418 650 2466 aneo
675 2403 870 2483 provinciae,
888 2402 942 2482 qui
959 2401 1083 2466 habiles
1107 2399 1179 2464 lacti
1199 2399 1282 2462 irent
1297 2400 1335 2491 ad

250 2521 268 2558 o
284 2499 529 2579 praedicandam
551 2509 698 2564 nostram
724 2501 818 2567 iidem
842 2501 993 2580 lupatria
1015 2517 1085 2566 suat
1109 2501 1236 2562 Etcum
1259 2495 1339 2561 obti-

251 2597 389 2660 »nuerit
412 2597 474 2662 lroc
490 2614 575 2662 anno
597 2598 685 2661 aSS.
705 2598 797 2664 Patre
821 2607 933 2664 nostro
956 2598 1065 2663 literas
1089 2614 1147 2678 pro
1164 2613 1228 2662 uno
1246 2595 1336 2660 altari

252 2716 267 2753 a
285 2694 487 2776 privilegiato
505 2696 537 2758 in
554 2697 698 2777 ipsorum
722 2698 854 2778 templo,
872 2697 957 2762 circa
973 2697 1059 2778 qnod
1081 2695 1263 2762 ordinarius
1280 2693 1339 2778 dil·

256 2793 462 2858 olicultatem
491 2804 608 2872 movet,
638 2813 677 2860 ne
702 2796 789 2860 illins
817 2796 928 2860 altaris
954 2796 1099 2862 truantur
1128 2793 1202 2858 dicti
1229 2801 1337 2874 patres

254 2891 454 2973 »privilegio
476 2893 612 2972 indulto,
635 2897 740 2960 donec
766 2895 1012 2976 permissionem
1038 2894 1204 2960 obtineant
1230 2909 1247 2956 a
1275 2893 1335 2956 Sua

252 3011 267 3050 s
284 2989 368 3054 dicta
384 2989 582 3058 Celsttomne
599 2993 763 3060 residendi
780 2995 810 3058 in
828 2995 931 3060 forma
946 2993 1184 3058 communitatis
1208 2993 1239 3055 in
1254 2977 1337 3055 diota

252 3110 266 3148 n
284 3087 510 3165 universitate,
528 3091 584 3156 ille
602 3102 692 3172 pater
709 3110 766 3173 pro
782 3093 842 3157 bac
857 3092 1001 3158 habenda
1019 3091 1145 3158 licentia
1162 3089 1338 3156 humillimo

252 3189 472 3268 »supplicavit
502 3192 744 3256 serenissimam
775 3193 871 3258 Suam
900 3193 1148 3268 celsitudinem
1180 3207 1273 3273 quae,
1299 3205 1335 3252 re

252 3297 408 3352 »mature
445 3289 670 3364 considerata,
709 3301 742 3355 et
773 3292 884 3366 laabito
928 3291 1065 3355 oonsilio
1101 3289 1334 3378 archiepiscopi

251 3385 534 3466 »lleobliniensia
566 3385 786 3456 Universitalis
814 3401 847 3454 et
874 3389 983 3472 oppidi
1015 3389 1235 3464 lovaniensis,
1264 3405 1335 3468 per·

251 3483 383 3560 emisit,
407 3487 572 3556 coricensit
595 3497 628 3552 et
650 3489 813 3565 convenit,
830 3489 997 3569 permittit,
1017 3487 1184 3574 ¹consentit
1206 3498 1237 3552 et
1258 3503 1335 3552 con·

248 3583 368 3648 »vernt
389 3601 427 3648 ex
444 3585 575 3665 speciali
597 3587 700 3668 gratia
723 3605 781 3668 per
797 3587 881 3651 hanc
905 3589 1095 3669 scripturam
1120 3585 1208 3651 iratri
1225 3586 1336 3652 lloolro

250 3697 297 3744 oa
325 3692 435 3748 sancta
463 3681 565 3750 Cruoe
591 3686 796 3766 supplicanti,
824 3679 957 3768 musque
986 3671 1246 3770 successoribus,
1273 3683 1334 3748 sub

249 3795 378 3843 »oriere
403 3783 531 3845 tenendi
556 3783 761 3848 residentiam
785 3784 1026 3848 cumfratribus
1049 3801 1126 3848 suae
1151 3777 1333 3860 provinciae

249 3897 262 3936 n
280 3877 310 3938 in
325 3877 425 3941 torma
438 3882 677 3946 communitatis
688 3883 721 3945 in
733 3882 820 3946 dicto
832 3881 953 3964 oppido
968 3882 1255 3956 mecinensieto,
1268 3891 1330 3944 otc.

248 3973 391 4040 nactum
411 3979 582 4056 Bruxellis,
600 3981 638 4046 l8
655 3981 836 4046 decembris
852 3982 942 4044 loto.
962 4005 979 4040 n

289 4077 343 4138 llis
360 4077 461 4141 literis
478 4080 632 4156 obieritis,
648 4091 756 4162 patres
770 4081 972 4146 boninioant
988 4081 1133 4144 uidentes
1149 4096 1185 4145 se
1201 4080 1231 4142 in
1249 4080 1332 4152 loto,

245 4189 341 4255 anm
366 4176 397 4238 in
417 4177 695 4246 &austacenis
718 4181 947 4256 intremiscent,
964 4196 1093 4259 sempor
1116 4195 1248 4248 manere·
1269 4195 1331 4268 rron
