3232 4940
702 424 887 487 -tutt-

247 607 411 690 quondam
442 605 615 688 praepositi
647 615 679 669 et
707 604 952 685 archiepiscopo
988 605 1089 681 chari,
1120 615 1152 670 et
1181 605 1355 670 adversus¹

248 707 377 773 Petrum
401 705 446 770 lle
468 705 574 771 Swert
599 705 643 768 ob
663 703 898 784 jansenismum
925 704 1116 786 grauissime
1142 703 1277 780 incitati,
1301 720 1338 769 se

249 806 415 870 insinuare
427 821 464 867 ac
477 813 588 868 contra
598 801 789 883 jansenismi
802 802 945 867 fautores
956 803 1062 868 valide
1073 819 1180 884 agere.
1191 802 1337 879 llemum,

250 921 335 969 anno
362 902 454 978 7719,
471 904 593 968 electus
616 911 666 966 est
689 901 893 984 praepositus
917 902 1178 984 congregationis
1201 899 1337 966 Oratorii

251 1019 361 1068 contra
377 1014 484 1066 votum
497 1000 762 1082 jansenistarum.

291 1153 402 1216 xltlv.
425 1151 589 1215 Euunhuet
608 1152 653 1214 lla:
668 1151 799 1225 barton,
818 1151 866 1215 rel
885 1152 928 1213 lls
944 1151 985 1214 ba
999 1150 1095 1225 Teua,
1113 1151 1335 1228 Tamlsiensis,

249 1269 334 1316 anno
351 1251 430 1314 l696
452 1253 490 1314 ad
507 1250 788 1332 congregationem
813 1249 989 1323 admissus,
1006 1265 1091 1312 anno
1110 1248 1190 1312 titt
1213 1251 1335 1315 consti-

250 1359 338 1415 tutus
349 1347 728 1430 luithujustovantensis
740 1347 1143 1428 collegiipr·aeses.Postea
1155 1348 1212 1411 luit
1223 1347 1337 1430 refugii

251 1449 494 1530 hntverpiensis
509 1447 671 1528 superior.
690 1447 724 1510 ln
737 1447 877 1510 cornitiis
890 1447 1096 1528 generalibus
1109 1449 1181 1510 anni
1197 1447 1289 1525 tlte,
1302 1463 1340 1514 ae

248 1549 401 1628 deinceps
417 1547 561 1611 adhaesit
575 1546 626 1620 iis,
649 1545 703 1626 qui
724 1562 760 1610 se
776 1563 834 1627 pro
850 1545 978 1626 J'uribus
1005 1545 1170 1610 «oratorii
1197 1569 1225 1620 n,
1241 1547 1274 1610 id
1289 1557 1340 1612 est

242 1646 508 1728 jansenistarum,
529 1645 788 1709 staredicebant.
805 1645 923 1709 Verum
940 1645 1130 1720 annol'lbtl,
1152 1647 1258 1726 eoepit
1281 1663 1339 1712 eos

251 1747 413 1817 deserere,
441 1762 478 1808 ac
502 1744 628 1808 tandem
650 1760 735 1807 anno
759 1744 839 1806 lile
869 1729 957 1810 totus
985 1744 1132 1808 transivit
1154 1745 1194 1808 ad
1218 1756 1339 1826 partem

247 1843 436 1924 jansenistis
465 1844 644 1908 adversam.
668 1843 786 1906 llissus
807 1853 883 1908 tune
905 1843 1106 1908 Rothnacum
1129 1843 1168 1907 ad
1191 1845 1337 1909 docenda

251 1941 451 2034 humaniora,
469 1942 597 2006 demum
616 1943 654 2004 ad
672 1939 853 2006 Oratorium
873 1941 1033 2018 Lakense;
1058 1942 1111 2005 ubi
1127 1941 1206 2005 obiit
1224 1942 1264 2005 ⁶29
1281 1960 1339 2007 no-

251 2040 393 2105 vembris
410 2040 501 2103 1778.

290 2186 385 2250 XXV.
410 2187 591 2250 Paschasius
607 2187 669 2249 Vm
688 2188 882 2260 [lorssnmam
898 2187 1237 2268 Rupelaemundanus‚
1252 2205 1337 2254 anno

250 2285 330 2348 teau
346 2285 527 2350 Oratorium
545 2285 724 2365 ingressus,
743 2295 910 2366 promotus
925 2287 1043 2352 deinde
1065 2287 1237 2351 inertibus
1255 2289 1337 2352 inter

253 2385 398 2458 lineales,
428 2393 460 2449 et
489 2401 601 2448 sacrae
638 2384 817 2464 theologiae
853 2384 1095 2450 baccalaureus.
1127 2385 1258 2449 Creatus
1289 2395 1340 2451 cst

252 2501 336 2548 anno
353 2483 433 2546 titt)
449 2499 582 2562 praeses
598 2483 725 2562 collegii
740 2484 948 2548 lovaniensis
964 2501 1003 2547 ex
1017 2484 1220 2564 vicepastore
1236 2485 1338 2548 sancti

253 2583 373 2647 Nicolai
404 2583 542 2646 Wasiae.
581 2581 718 2645 Evoluto
756 2584 990 2662 praesidentiae
1023 2584 1188 2658 scuchale,
1220 2583 1337 2647 ibidem

253 2681 360 2756 rediit,
377 2681 519 2762 obiitque
535 2680 574 2742 13
590 2681 695 2744 martii
713 2681 804 2744 1732.

295 2779 483 2843 aedificavit
506 2781 538 2841 in
554 2779 650 2843 domo
667 2780 857 2843 lovaniensi
881 2780 1040 2861 insignem
1064 2779 1224 2845 officinam
1248 2797 1338 2846 oere-

254 2895 428 2942 visrarram.

293 3027 403 3090 xxvl.
429 3025 609 3090 Falacrscus
633 3027 695 3090 Vm
717 3027 841 3104 Tarcur,
860 3027 1080 3100 Tamisiensis,
1099 3028 1137 3090 ad
1162 3044 1340 3109 congrega·

253 3126 372 3190 tiorrem
402 3125 565 3189 admissus
594 3143 679 3190 anno
709 3126 801 3199 1707,
833 3126 922 3206 prius
949 3120 1199 3206 jansenistarcm
1232 3136 1339 3207 partes

256 3225 401 3306 pluribus
427 3225 521 3288 arinis
548 3235 679 3290 secutus
706 3234 767 3289 est.
794 3223 855 3288 Sed
882 3224 989 3305 gravis
1014 3225 1159 3296 morbus.
1187 3225 1218 3287 in
1245 3242 1340 3305 quem

255 3323 405 3388 Tamisiis
431 3323 553 3398 incidit,
578 3324 706 3388 occasio
731 3323 776 3386 illi
802 3323 860 3387 suit
887 3333 993 3404 partes
1015 3322 1143 3386 illorum
1170 3324 1340 3388 deserendi

253 3425 496 3504 contrariasque
516 3423 743 3503 amplectendi,
761 3423 804 3486 ita
822 3432 855 3486 ut
875 3439 958 3486 anno
975 3421 1055 3484 itta
1070 3423 1213 3503 coeperit
1228 3432 1340 3487 contra

250 3523 449 3603 jansenistas
478 3523 632 3586 adversae
659 3521 776 3586 mentis
803 3521 920 3584 indicia
952 3521 1098 3602 prodere.
1127 3523 1219 3584 Anno
1247 3520 1338 3596 trud,

254 3632 382 3686 oreatus
398 3621 455 3684 luit
473 3620 567 3702 huius
584 3621 710 3700 collegii
728 3636 870 3700 praeses
885 3635 922 3683 ao
939 3620 1065 3684 tandem
1082 3619 1340 3701 congregationis

256 3721 425 3787 assistens.

295 3869 417 3932 XXVll.
435 3869 599 3930 Euuavuet
614 3867 732 3930 Paratus
751 3867 894 3930 lucrinus
915 3885 951 3929 ue
972 3869 1071 3929 Cauca
1086 3865 1209 3941 Zeuma,
1227 3866 1341 3930 Osten-

254 3970 368 4037 danus.
384 3966 566 4031 Oratorium
583 3966 751 4046 ingressus
764 3975 814 4030 est
826 3983 909 4031 auno
927 3965 1017 4030 1708.
1028 3965 1198 4030 Praeclare
1210 3966 1341 4046 ingenio

255 4067 432 4148 praeditus,
448 4065 586 4129 celebris
601 4065 703 4129 evasit
718 4065 750 4127 in
771 4065 899 4130 cultiori
921 4066 1098 4141 literatura,
1116 4081 1210 4146 quam
1228 4080 1341 4146 magna

256 4184 329 4232 num
354 4166 447 4230 laude
469 4165 501 4226 in
528 4157 694 4246 gymnasio
721 4163 853 4229 scholae
876 4165 1022 4245 publicae
1049 4163 1284 4228 llechllniensis
1310 4170 1341 4228 et

257 4267 332 4332 alibi
360 4281 417 4346 per
447 4263 555 4344 plures
581 4279 684 4328 annos
713 4261 793 4328 lovit
819 4271 851 4328 et
879 4263 1050 4346 promovit.
1078 4262 1219 4346 Insignis
1245 4262 1340 4328 etiam
