3232 4942
259 881 322 954 61.
352 881 522 952 Convnuu
548 903 594 951 ou
620 887 779 955 conober
805 905 870 956 nes
897 871 1143 957 Dolitutoums
1168 865 1350 961 Ascuris(

332 1137 335 1144 .
455 1093 527 1170 §l-
552 1128 591 1138 —
614 1093 743 1174 Oripine
764 1101 793 1158 et
815 1095 940 1175 histoire
960 1095 1149 1178 ducotteps.
1211 1145 1214 1152 ,
1288 1053 1290 1058 ¹

332 1265 360 1327 a)
380 1261 492 1315 Ecmoit
511 1265 544 1314 de
563 1259 708 1316 lHistorie
727 1261 922 1320 universitatis
941 1262 1120 1319 Lovsniensis
1140 1268 1174 1318 de
1193 1264 1273 1324 eae.

303 1400 469 1482 Collepium
498 1402 768 1466 dominicanorum
794 1404 979 1484 duplorum.
1002 1403 1157 1472 Erectum,
1179 1402 1238 1466 litit
1263 1418 1348 1468 anno

259 1497 340 1562 lost
370 1499 522 1582 expensis
551 1508 583 1566 et
612 1500 799 1567 fundatione
833 1502 1072 1568 testamentaria
1101 1501 1348 1568 eminentissimi

258 1598 379 1664 domini
393 1599 430 1663 P.
449 1599 586 1680 Philippi
602 1600 742 1664 Thomas
759 1600 911 1679 lionam,
928 1617 1039 1667 sacrae
1058 1601 1220 1666 Romanae
1235 1600 1348 1667 Ecule-

257 1697 325 1762 siae
340 1697 524 1774 cardinalis,
544 1715 676 1779 parvum
696 1699 759 1765 boo
781 1701 953 1781 collegium
970 1701 1003 1764 in
1024 1700 1128 1784 platea
1145 1701 1240 1782 vulgo
1263 1701 1349 1766 dicta

257 1795 295 1858 de
321 1795 557 1872 Crumissenses,
581 1814 640 1878 pro
667 1797 818 1864 iratribus
845 1799 1064 1867 bominicsois
1090 1798 1213 1880 buglis,
1230 1798 1348 1864 stodiis

255 1893 491 1975 philosophicis
506 1905 539 1961 et
554 1896 747 1978 theologicis
762 1897 1038 1963 incumbentibus.

296 1993 396 2058 Natus
411 2005 461 2060 est
476 1994 752 2062 eminentissimus
773 1995 868 2078 buius
890 1996 1019 2078 collegii
1041 1995 1194 2062 lundator
1209 1995 1347 2060 hundini

255 2089 288 2154 in
299 2092 426 2173 buglis,
435 2109 546 2158 mense
558 2093 736 2174 septembri
749 2095 823 2158 anni
836 2094 929 2173 lete,
942 2105 1032 2176 patre
1040 2095 1179 2160 ilenrico
1192 2091 1345 2174 howard,

253 2191 371 2256 comite
381 2191 587 2266 hruodeliae.
601 2191 727 2268 Suriae,
744 2203 820 2269 etc,
831 2204 932 2259 matre
945 2193 1127 2260 Elisabetha
1140 2192 1260 2266 Stuart,
1274 2191 1342 2274 regi

251 2289 386 2370 Angliae
410 2291 567 2372 sauguine
589 2290 712 2372 juncta.
734 2291 837 2360 buum
863 2292 975 2358 hahuit
999 2291 1165 2367 Thomam,
1190 2290 1342 2364 comitem

254 2389 1340 2478 hrundeliae,suriaeetc.‚summumrepniAnglieemarescallum,

255 2486 449 2553 nobilissimi
474 2488 601 2554 ordinis
623 2489 759 2554 Garterii
785 2490 939 2572 equitem,
963 2489 1165 2556 serenissimi
1189 2487 1294 2553 Caroli
1316 2487 1343 2563 l,

254 2587 342 2667 regis
356 2586 502 2669 hogliee,
518 2588 551 2652 io
570 2588 694 2670 anglia,
712 2588 817 2654 Scotia
840 2599 873 2655 et
897 2587 1048 2654 Hibernia
1070 2603 1088 2652 a
1111 2586 1345 2654 secretioribus

252 2683 400 2748 consiliis
411 2695 444 2750 et
454 2685 599 2766 eiusdem
612 2687 699 2768 regis
713 2702 797 2751 anuo
809 2685 891 2751 1639
903 2697 1016 2752 contra
1028 2684 1143 2752 Scotos
1155 2701 1345 2766 supremum

252 2783 482 2862 etgeneralem
498 2784 631 2850 militiae
652 2785 786 2857 duoem;
804 2785 905 2849 aviam
927 2802 1004 2851 vero
1025 2786 1191 2850 hletheam
1213 2784 1343 2850 l'albot.·

296 2881 361 2946 Sub
390 2881 547 2964 regimine
580 2883 736 2963 praedicti
765 2883 883 2962 Caroli,
914 2883 1013 2966 regis,
1045 2900 1085 2949 ne
1120 2883 1343 2966 perduellibus

252 2980 442 3046 adhaereret
456 2990 488 3046 et
505 2981 621 3046 avitum
637 2980 733 3046 fldem
747 2981 895 3060 violaret,
913 2999 987 3050 cum
1003 2983 1189 3065 parentibus
1204 2983 1344 3050 dntver-

251 3079 336 3159 piam
351 3079 505 3162 confugit,
519 3079 702 3162 ibidemque
714 3080 861 3148 ordinem
873 3081 1007 3146 fratrum
1018 3082 1055 3144 tt.
1068 3079 1186 3146 hieriae
1197 3079 1339 3162 Virginis

251 3178 293 3244 de
306 3177 415 3244 llonte
435 3176 583 3244 carmelo
606 3177 731 3261 ingredi
754 3189 927 3256 statuerat;
945 3181 1002 3245 sed
1021 3179 1111 3244 illum
1132 3197 1150 3244 a
1173 3179 1342 3261 proposito

252 3277 389 3342 removit
403 3293 516 3358 magna
532 3277 565 3340 in
581 3273 719 3344 afflictos
735 3289 886 3360 parentes
902 3278 1019 3359 pietas.

260 3413 262 3418 ·
292 3375 370 3441 Post
389 3375 516 3458 aliquos
530 3391 635 3443 annos
658 3393 731 3442 cum
747 3394 807 3443 avo
830 3377 864 3443 in
880 3378 1002 3442 ltaliam
1025 3377 1203 3458 protectus,
1220 3375 1341 3444 hledio-

249 3475 315 3541 lani
329 3475 491 3559 colloquia
508 3475 649 3543 miscens
663 3495 737 3543 oum
751 3487 843 3559 patre
867 3477 992 3544 loanns
1007 3476 1163 3560 Hacquet,
1184 3476 1342 3553 hiberno.-

249 3575 679 3654 ordinishontinicanorunt,
693 3576 896 3644 inconvento
905 3577 1007 3642 sancti
1017 3576 1180 3658 Eustorpii
1194 3584 1340 3658 regente,

249 3675 354 3740 eidem
369 3675 411 3742 de
426 3676 649 3758 amplectenda
673 3676 830 3759 religione
846 3676 1057 3743 hominicaua
1079 3676 1221 3742 animum
1244 3690 1341 3740 suum

249 3775 386 3856 aperuit,
404 3775 529 3841 addens
545 3792 581 3841 se
597 3775 737 3851 nescire.
757 3776 921 3858 quomodo
937 3775 969 3840 id
984 3774 1055 3842 fleri
1072 3782 1184 3858 posset
1206 3773 1247 3840 ob
1262 3789 1340 3840 con·

250 3873 369 3940 trarios
391 3873 442 3939 avi
464 3883 498 3940 et
520 3885 688 3956 parentum
713 3891 843 3940 seusus.
867 3876 994 3953 Postea,
1011 3873 1192 3940 Placentiae
1216 3887 1340 3945 monam

249 3973 393 4051 trahens,
420 3983 551 4056 accepta
573 3974 614 4038 ah
633 3991 693 4040 ovo
716 3975 822 4053 venis,
846 3973 1062 4040 Mediolanum
1085 3989 1249 4050 reversus,
1266 3987 1341 4038 cum

248 4073 391 4155 praelato
420 4081 511 4156 patre
539 4073 684 4156 Hacquet
715 4073 797 4156 piam
828 4072 934 4157 lupam
961 4073 1152 4140 Cremonam
1181 4070 1339 4153 arripuit;

248 4171 443 4254 ibidemque,
459 4172 584 4254 abjecta
610 4172 875 4254 splendidissima
897 4181 998 4250 veste,
1015 4171 1168 4238 humilem
1191 4170 1340 4242 Fratrum
