3248 4954
723 407 885 472 ..46-

272 595 353 644 ditate
364 595 558 656 conversionis,
571 607 658 656 qnam
670 606 699 643 se
711 594 786 655 apud
799 589 928 642 Sanctam
941 589 1037 642 Sedem
1048 602 1179 640 accusare
1188 589 1338 652 profitetur
1352 603 1361 639 :

273 685 319 735 ubi
331 689 357 734 et
369 686 518 736 discutitur
529 687 656 736 doctrina
668 685 729 746 sius
742 685 775 734 de
788 685 965 736 conversione
977 683 1130 744 repentina,
1145 685 1227 744 atoue
1239 680 1365 730 eeamini

272 773 351 828 Sedis
370 772 534 839 Apostolicae
553 777 707 838 sunjicitur.
730 769 851 826 Coloniae
869 769 1042 841 Agrippinae,
1064 769 1183 824 loannes
1202 767 1366 825 Willelmus

276 861 411 918 Friessem
420 863 516 932 junior
528 868 588 934 (seu
601 863 691 934 fictus)
706 857 791 930 1693;
807 861 862 916 vol.
877 860 950 916 in·4⁰
963 861 997 916 de
1010 860 1048 916 23
1062 876 1155 930 peges.

311 969 358 1026 32.
379 971 561 1037 Difficultates
574 975 668 1026 breues
680 975 851 1025 continuatae
863 975 997 1024 mnersus
1013 973 1110 1022 thesim
1123 972 1156 1022 oie
1168 971 1368 1034 justificatione

274 1066 474 1126 defendendam
488 1062 605 1128 lajano
619 1061 830 1128 lassaretur
840 1065 1012 1126 amplissimo
1022 1065 1083 1114 oiro
1092 1059 1215 1112 Martiae
1227 1059 1363 1124 &maeri

275 1151 338 1208 Vol.
354 1151 426 1206 in·4⁰
441 1152 473 1206 de
490 1152 524 1206 16
537 1168 631 1224 peges,
647 1169 711 1207 sans
723 1151 799 1207 titre.
818 1175 830 1196 u
847 1151 949 1206 Eadem
962 1150 1111 1218 cantilena,
1127 1149 1167 1204 ait
1180 1149 1298 1220 Paquot,
1314 1164 1366 1218 pro

274 1241 404 1297 tarditate
418 1242 558 1298 ordinaria
571 1243 768 1301 conversionis.
786 1269 799 1291 ι

312 1349 358 1406 33.
380 1351 529 1406 Antithesis
548 1357 622 1406 inter
634 1356 789 1405 doctrinam
802 1357 973 1405 enimiorum
989 1355 1178 1416 quorumdam
1192 1365 1206 1402 e
1218 1348 1247 1402 S.
1263 1346 1368 1404 Facul-

274 1450 329 1496 tate
341 1441 506 1496 martiensi
525 1447 666 1497 doctorum
687 1447 720 1497 de
733 1447 860 1498 tarditate
878 1446 1065 1498 conversionis
1080 1457 1135 1506 per
1153 1455 1247 1505 opera,
1260 1447 1288 1492 et
1306 1442 1369 1491 doe·

275 1538 383 1587 trinam
402 1538 499 1586 entmit
517 1541 599 1599 atque
618 1539 788 1601 amplissimi
806 1539 861 1587 oiri
873 1533 994 1588 Martini
1007 1533 1128 1598 &euceri
1146 1536 1180 1584 de
1191 1535 1366 1584 conversione

275 1629 422 1689 repentina
441 1629 501 1677 sine
519 1627 644 1689 opimam
658 1642 667 1680 .·
682 1629 728 1678 ulii
747 1629 868 1691 utraque
886 1629 924 1677 ad
941 1627 1095 1678 doctrinam
1113 1637 1262 1676 sacrarum
1281 1619 1364 1673 Litte-

275 1731 387 1778 rarum,
412 1713 605 1779 Conciliorum,
634 1724 660 1768 et
685 1715 819 1779 Patrum,
843 1719 908 1768 ltine
933 1723 1014 1781 atque
1036 1718 1101 1768 inde
1126 1720 1312 1778 comparatur,
1337 1719 1364 1764 st

275 1803 442 1871 Apostolicoe
453 1805 530 1858 Sedis
539 1811 662 1860 examini
674 1809 829 1871 suuntur.
850 1804 929 1861 1693.
944 1803 1008 1861 Vol.
1021 1804 1093 1858 itt-4⁰
1106 1803 1140 1857 de
1152 1802 1171 1857 6
1184 1819 1220 1856 ou
1233 1801 1251 1856 6
1262 1816 1365 1872 pagos,

275 1911 340 1948 sans
352 1893 504 1950 indication
518 1896 708 1966 d'imprimenr
721 1901 750 1951 et
761 1895 796 1949 de
809 1895 865 1949 lieu
879 1895 1080 1966 d'impression.

316 2007 329 2031 u
350 1984 489 2040 Libellum
511 1990 659 2043 contrusa
684 1986 827 2058 scriptum,
848 1985 940 2058 inquit
958 1987 1077 2058 Peqnot,
1099 1985 1260 2058 Steyartine.
1282 1983 1367 2056 (quod

276 2075 387 2146 mirere)
400 2075 508 2146 vulgari
521 2077 580 2148 ipse
592 2076 729 2149 permisit,
740 2077 816 2132 edita
828 2077 880 2132 hac
893 2079 1011 2132 censuri
1026 2095 1033 2131 ε
1051 2101 1064 2122 ι·
1078 2077 1143 2131 llaec
1155 2074 1366 2147 scriptiuncula,

276 2167 322 2222 cui
339 2165 462 2223 titulus:
482 2168 637 2224 Antithesis
649 2175 702 2224 etc.
718 2173 793 2224 recte
813 2173 993 2240 repraesentat
1011 2167 1225 2224 controversiam
1239 2181 1282 2221 me
1294 2165 1369 2220 inter

276 2259 304 2312 et
323 2255 468 2326 theologos
486 2259 621 2330 quosdam
641 2259 710 2315 alios
731 2259 814 2330 hujus
833 2259 988 2314 Academiae
1008 2259 1037 2314 in
1058 2258 1173 2314 materia
1185 2255 1363 2329 poenitentiae,

275 2347 399 2419 adeoque
412 2349 580 2420 praecipuam
593 2349 622 2405 in
635 2367 665 2405 re
676 2351 785 2406 morali.
802 2351 874 2406 Loca
888 2351 1014 2422 qnaednm
1034 2349 1192 2404 communia
1210 2364 1225 2403 e
1239 2347 1289 2403 SS.
1305 2346 1367 2401 Lit-

276 2437 354 2506 teris,
367 2438 508 2505 Consiliis,
521 2440 661 2508 Patribus,
676 2459 723 2496 seu
738 2442 901 2514 plerumque
914 2457 947 2496 ex
958 2441 1029 2495 libro
1040 2439 1176 2511 (Arnaldi)
1185 2439 1219 2494 de
1229 2435 1368 2510 frequenti

276 2529 478 2594 communione,
491 2547 612 2600 corrasa,
624 2531 738 2586 tolerari
751 2543 877 2602 possunt,
889 2537 1021 2604 tanquam
1030 2531 1176 2586 ordinariae
1185 2528 1363 2600 obJ'ectiones.

276 2619 435 2675 Doctrinam
452 2621 572 2677 eliorum
592 2639 654 2677 cum
668 2623 730 2677 istis
743 2623 803 2677 suia
823 2623 1019 2691 fundamentis,
1035 2639 1123 2677 meam
1137 2639 1201 2676 vero
1220 2638 1283 2676 cnm
1296 2619 1364 2673 solis

275 2709 344 2773 illis,
365 2727 427 2782 quae
447 2716 525 2767 textu
547 2712 723 2782 attinguntur
742 2713 820 2784 (puta
832 2713 911 2784 praxi
925 2711 1054 2768 Ecclesiae
1067 2713 1199 2767 hodierna
1218 2717 1246 2767 et
1258 2710 1365 2782 aliquot

275 2802 443 2870 seculorum,
464 2820 526 2857 cum
546 2803 714 2859 authoritate
728 2809 828 2874 negata
846 2805 874 2858 S.
897 2805 1001 2876 Caroli)
1019 2821 1115 2859 secure
1129 2803 1238 2873 jndicio
1256 2816 1369 2872 expono

275 2907 331 2946 aon
350 2896 459 2946 tantum
478 2893 506 2948 S.
523 2893 601 2948 Sedis
618 2893 793 2965 Apostolicae,
809 2895 857 2948 sed
870 2899 898 2950 et
910 2893 1083 2950 eruditorum
1096 2893 1229 2949 omnium.
1248 2892 1364 2962 Expres-

276 2981 368 3037 siones
386 2981 494 3055 aliquas
512 2984 679 3050 indecentes,
701 2991 732 3039 ut
754 2985 783 3039 in
801 2985 958 3056 Praeloquio
976 2991 1003 3040 et
1023 2985 1216 3048 Conclusione‚
1230 2989 1284 3040 etc.
1302 2997 1364 3038 meo

272 3074 336 3142 jure
354 3073 511 3139 dissimulo,
531 3082 558 3130 et
577 3093 647 3131 novo
669 3077 795 3147 exemplo
814 3076 948 3146 scriptum
971 3080 1066 3132 contra
1083 3093 1128 3130 me
1149 3077 1222 3130 ultro
1241 3073 1300 3145 ipse
1319 3071 1363 3128 edi

276 3163 416 3234 permitto.
426 3165 550 3232 Lovanii,
560 3167 595 3222 Vl
604 3167 663 3222 kal.
669 3167 745 3237 junii
756 3184 787 3222 n.
797 3183 841 3222 nc.
851 3183 928 3222 xcru.
937 3167 978 3222 M.
987 3166 1143 3236 Sreisanr,
1156 3167 1219 3222 Lib.
1231 3165 1361 3220 Censor.-

313 3271 360 3330 34.
385 3271 581 3340 Computdium
606 3279 721 3328 moratis
747 3279 919 3342 manastica,
942 3281 999 3330 siae
1024 3280 1254 3330 considerationes
1278 3288 1364 3339 super

275 3373 510 3434 tentumquatuor
528 3368 781 3437 &anodistorum
802 3386 856 3436 quo
875 3375 935 3436 ejus
955 3374 1031 3424 uena
1052 3377 1078 3424 et
1100 3373 1239 3424 meditatio
1250 3371 1366 3432 facilior

276 3463 410 3513 reddatur
432 3465 468 3513 iis
490 3466 540 3526 qui
560 3464 604 3514 itii
625 3477 654 3514 se
672 3465 813 3526 applicare
831 3466 980 3528 incipiunt,
1005 3465 1173 3526 impressum
1189 3464 1275 3525 jussu
1297 3457 1357 3512 til-l

276 3554 393 3616 episcopi
413 3559 436 3604 et
458 3556 563 3604 comitis
584 3551 796 3606 Catalaunensis
813 3551 925 3624 (Felicis
938 3552 972 3606 de
985 3551 1109 3623 Vialard)
1117 3557 1198 3620 paris
1217 3551 1360 3610 Francia,

271 3642 338 3704 plus
351 3657 437 3707 quem
450 3645 538 3696 altero
559 3647 590 3695 in
603 3645 654 3696 hae
667 3647 785 3698 editione
797 3647 896 3697 uitima
909 3649 941 3697 in
953 3643 1112 3710 anapeliis
1124 3647 1246 3697 auctius.
1262 3639 1290 3694 Ε
1298 3643 1362 3706 pal·

275 3732 326 3783 lico
347 3735 432 3786 iatirse
452 3748 565 3788 versum
579 3737 664 3798 juata
683 3737 826 3798 exemplar
841 3739 1011 3800 impressum
1028 3733 1151 3788 Parisiis
1169 3736 1247 3798 apud
1266 3729 1360 3784 Andr.

272 3817 412 3879 Praiord.
427 3823 558 3878 Prusiani
577 3823 701 3888 Lovanii,
717 3824 790 3895 apud
811 3825 878 3894 AEg.
894 3823 1029 3896 Denique,
1054 3823 1134 3890 1694,
1157 3819 1359 3882 4v01.in-16⁰‚

273 3909 364 3981 1(374
378 3912 481 3982 peges),
498 3913 522 3965 ll
536 3911 603 3979 (264
616 3913 722 3986 peges),
738 3915 776 3968 lll
789 3914 856 3986 (403
868 3915 971 3986 peges),
987 3913 1024 3970 1v
1041 3913 1111 3968 1695
1122 3913 1187 3986 (376
1200 3919 1305 3982 peges).

312 4017 359 4074 35.
383 4017 584 4087 Compendium
618 4027 733 4076 mordis
771 4023 894 4076 Actuum
931 4023 1135 4090 Apostolorum,
1172 4021 1362 4086 Epistolarum

267 4107 304 4170 s.
320 4109 419 4180 Pauli,
440 4111 631 4178 Epistoiamtm
650 4118 851 4167 catholicarum
867 4121 893 4166 et
910 4114 1119 4180 Apocalypsaos,
1133 4117 1190 4166 sice
1209 4115 1361 4165 winidoru-

276 4204 364 4253 tiones
382 4205 543 4255 christianae
562 4212 763 4268 supertectum
782 4207 897 4256 iitorum
910 4207 1054 4266 librorum,
1071 4218 1125 4267 quo
1138 4209 1210 4258 stc...
1226 4202 1254 4255 E
1263 4204 1364 4268 paliico
