3284 4956
894 359 1078 422 -tas-

441 541 568 623 collegii
594 541 722 604 Adriani
748 540 796 614 t‘t,
827 539 1005 621 pontilicis,
1038 541 1124 605 eirea
1150 557 1268 604 666666
1296 539 1374 602 lost
1408 541 1440 602 in
1468 539 1538 603 666

442 659 501 705 666
529 641 726 722 paedagogio
758 639 981 720 philosophiae
1010 641 1175 719 prolessor
1203 639 1437 712 secundariam
1454 640 1536 702 inde

442 757 526 804 6666
549 740 629 804 1600
651 742 688 804 ad
708 740 890 820 primariam
908 740 1142 819 professionem
1164 739 1388 820 philosophiae
1403 739 1435 800 in
1454 754 1534 817 pae-

441 839 577 920 dagogio
614 839 801 902 Faleunensi
839 849 991 902 evocatus
1021 837 1166 902 eamdem
1198 856 1253 917 per
1285 839 1395 918 plures
1425 853 1536 900 66666

441 937 553 1001 tenuit.
573 935 683 1000 01613
700 936 894 1015 septembris
910 953 1021 999 saer-ae
1039 935 1218 1014 theologiae
1233 935 1347 999 doetor
1364 934 1535 998 renuntia-

442 1045 504 1098 tur.
521 1035 639 1099 06166
655 1035 780 1115 augusti
800 1034 981 1098 10390166
997 1051 1109 1098 666666
1126 1035 1306 1114 theologiae
1322 1034 1487 1098 doctores.

481 1183 532 1246 86.
553 1231 612 1245 .....
633 1183 1071 1258 6666666666116666166616,
1090 1185 1226 1248 deeehat
1242 1183 1480 1264 philosophiam
1498 1183 1534 1244 in

440 1283 543 1346 Poreo
559 1292 631 1346 ante
647 1299 765 1346 annum
782 1283 874 1346 1600.
1340 1313 1342 1318 ·

481 1429 532 1492 87.
556 1430 704 1493 Nrcunnns
726 1429 853 1502 116666,
877 1431 1076 1495 Bellaramns
1093 1449 1149 1495 seu
1170 1449 1208 1494 ex
1230 1429 1419 1510 Beauraing,
1445 1447 1535 1492 6666

440 1529 521 1592 taes
536 1547 554 1592 e
572 1529 672 1593 Pereo
689 1539 853 1608 promotus
871 1529 992 1608 primus
1009 1532 1038 1592 in
1061 1529 1195 1604 6611666,
1212 1530 1284 1593 dein
1302 1527 1530 1609 philosophiae

440 1629 604 1693 06666066
620 1627 767 1691 admotus
783 1628 814 1690 16
832 1628 892 1691 666
915 1645 974 1691 666
998 1629 1204 1710 paedagogio,
1231 1629 1423 1708 discipulum
1441 1645 1528 1690 6666

441 1727 520 1790 1600
537 1736 717 1805 promotum
736 1727 845 1790 hahuit
861 1726 1063 1790 Gnilielmum
1079 1727 1117 1790 ah
1134 1725 1275 1808 Angelis,
1287 1737 1397 1805 postea
1413 1742 1530 1788 saurae

441 1825 620 1905 theologiae
646 1825 827 1898 doetorem;
851 1825 891 1888 66
914 1843 978 1904 666
1006 1825 1096 1887 1666.
1127 1827 1218 1888 Anno
1249 1823 1324 1887 tetta
1350 1825 1528 1888 etiamnum

440 1932 508 1987 erat
535 1923 700 2002 professor
726 1923 757 1985 16
782 1923 896 1998 Pereo,
921 1925 950 1985 16
976 1933 1138 2003 quotane
1161 1919 1530 1988 etiamdoeehatlruter

439 2023 509 2101 ejus
525 2023 705 2100 Stephanus
729 2023 859 2085 hausta.
886 2021 1004 2087 Eodem
1027 2033 1133 2085 tannen
1154 2040 1237 2086 6666
1263 2023 1301 2084 66
1330 2023 1527 2102 pastoralem

438 2136 547 2184 euram
565 2121 665 2184 saneti
683 2119 821 2184 Remaeli
838 2121 945 2201 oppidi
964 2119 1173 2186 Massiliensis
1190 2122 1221 2184 in
1247 2122 1406 2186 Famenna
1430 2139 1526 2185 voea-

439 2227 491 2282 tus
508 2219 575 2282 snit.
594 2219 636 2280 Ex
652 2220 732 2282 aulis
756 2219 876 2284 nrhieis
896 2230 965 2284 erat
984 2221 1161 2299 presbyter,
1187 2221 1359 2300 primarius
1383 2221 1528 2300 philoso-

439 2317 532 2396 phiae
550 2317 714 2395 professor
737 2327 768 2380 et
792 2317 952 2397 parochus
976 2320 1077 2381 saneti
1095 2317 1235 2382 66666611
1252 2317 1410 2382 66666166
1426 2317 1466 2382 30
1480 2319 1530 2394 ja-

440 2415 541 2478 nuarii
559 2413 650 2488 1603,
666 2416 740 2479 dnm
759 2431 826 2478 eam
844 2431 952 2479 euram
970 2417 1123 2498 resignat.

479 2561 530 2625 88.
554 2563 681 2626 Joncnrn
708 2563 842 2626 Fontem
865 2564 914 2627 vel
944 2563 1130 2637 Heliconius,
1158 2565 1375 2638 Frism'tilius
1402 2565 1532 2630 Martini

440 2661 604 2726 Hameonii
628 2663 811 2743 (vulgariter
836 2662 1006 2727 Hamkema
1029 2664 1129 2742 dieti),
1154 2665 1339 2745 Follegiani
1359 2664 1473 2737 'Frisii
1492 2682 1530 2728 es

440 2761 696 2840 propraetorem
718 2763 892 2823 heminaria
909 2763 1092 2840 quaestoris
1109 2763 1140 2824 in
1157 2762 1297 2842 Follega
1315 2763 1430 2826 deinde
1450 2763 1529 2842 Sep—

440 2861 685 2939 tem-Sylvarum
706 2859 901 2939 dyekgravii,
923 2860 1050 2924 demum
1076 2861 1234 2940 praetoris
1253 2861 1284 2922 in
1309 2859 1529 2926 [lenierarstal

440 2957 500 3037 (qui
518 2957 596 3020 obiit
611 2957 861 3038 septuagenario
885 2956 997 3037 major,
1024 2974 1134 3038 parum
1152 2968 1224 3022 ante
1243 2974 1361 3022 annum
1379 2957 1481 3033 1660).
1499 2969 1530 3024 et

440 3055 585 3136 conjugis
601 3055 670 3134 ejus
684 3055 811 3120 Bennae
829 3073 884 3120 seu
905 3059 1052 3122 Boennae
1076 3057 1115 3120 ah
1137 3057 1331 3131 Holehema;
1348 3075 1433 3122 anno
1450 3059 1532 3122 1606

440 3155 472 3216 16
487 3157 628 3235 generali
646 3155 913 3220 lieentiandorum
930 3173 1088 3220 66666666
1107 3174 1125 3243 6
1141 3156 1244 3220 Pereo
1261 3157 1396 3236 primus,
1414 3157 1530 3222 deinde

441 3251 475 3316 ln
487 3251 517 3314 in
532 3253 593 3317 hoe
606 3270 665 3317 suo
680 3254 878 3335 paedagogio
892 3270 975 3316 anno
989 3253 1069 3316 1600
1083 3254 1307 3334 philosophiae
1319 3258 1533 3333 protess0r‚et

440 3351 567 3430 quidem
584 3369 639 3430 per
651 3362 772 3431 septem
786 3369 890 3416 annes
903 3352 1084 3431 primariam
1098 3353 1282 3416 cathedram
1296 3352 1531 3417 tennit.Saurae

440 3449 621 3530 theologiae
636 3450 829 3514 licentiatus.
849 3449 963 3514 Postea
981 3451 1097 3529 bingae
1121 3451 1152 3513 in
1170 3451 1269 3530 patria
1286 3461 1397 3531 pastor
1412 3462 1444 3516 et
1458 3469 1529 3530 pas-

440 3557 544 3610 torum
566 3549 720 3616 deeanus.
738 3549 942 3630 vicariusque
965 3565 1022 3628 666
1043 3549 1175 3612 Frisium
1200 3549 1345 3613 Sasholdi
1372 3549 1529 3620 vosmen,

440 3647 674 3728 archiepiscopi
692 3647 907 3728 Philippensis
920 3663 957 3711 66
972 3647 1080 3711 ricarli
1106 3647 1187 3727 apud
1207 3647 1345 3712 Batavos
1360 3649 1527 3728 pontilieii.

441 3745 589 3810 Summae
614 3746 847 3825 expectationis
873 3746 922 3808 vir
949 3755 1038 3826 peste
1065 3745 1209 3810 sublatus
1232 3754 1280 3810 est
1304 3745 1532 3827 lseptemhris

444 3844 532 3917 1601,
561 3846 673 3909 aetatis
699 3845 739 3908 30
763 3861 932 3916 annorum,
961 3845 1001 3907 10
1029 3847 1185 3909 mensium
1213 3856 1244 3909 et
1271 3845 1528 3917 1661666616.

440 3942 590 4022 tingensi
619 3943 748 4025 oppido,
777 3961 891 4025 magno
918 3946 967 4009 sni
996 3945 1079 4025 apud
1106 3945 1193 4009 eires
1222 3933 1396 4027 honosque
1416 3963 1530 4010 omnes

440 4041 628 4122 relinquens
645 4043 856 4108 desiderium.
