3158 4952
692 465 879 530 -358-

278 648 335 712 llic
349 647 505 720 mercurii,
521 647 601 710 auia
615 648 731 710 mensis
746 647 917 712 sacramenia
933 644 1027 723 lact,
1043 643 1161 709 indicta
1178 642 1235 709 fuit
1248 658 1329 708 con·

235 746 379 829 gregatis
393 745 551 810 facultatis
564 745 816 811 extraordinaria
828 747 866 810 ad
881 748 993 811 lroram
1008 744 1136 811 tertiam
1148 759 1166 808 a
1179 741 1326 818 meridie,

236 846 269 909 in
296 844 420 910 scholis
447 843 576 909 artium.
600 842 728 908 Primus
754 845 909 910 articulus
935 855 1003 910 erat
1028 844 1067 908 ad
1093 840 1327 922 designandum

235 944 489 1017 commissarios.
508 943 561 1024 noi
586 943 716 1008 audiant
738 955 923 1026 computum
947 943 1090 1026 regentis
1111 940 1273 1014 Falconis,
1296 949 1330 1005 et

235 1043 290 1124 qui
320 1059 392 1106 cum
423 1052 554 1123 regente
582 1042 763 1123 disquirunt
797 1043 837 1108 de
866 1044 1036 1108 commodo
1066 1055 1259 1105 successore
1293 1037 1326 1100 in

235 1147 379 1224 regentia
399 1143 560 1207 Falconis.

279 1239 436 1313 Quantum
463 1240 502 1304 ad
525 1241 660 1320 primum
683 1240 876 1319 [articulum]
898 1257 937 1305 ex
961 1239 1098 1322 plurium
1120 1235 1328 1302 deliberatio-

236 1339 332 1404 nibus
355 1339 516 1405 conclusit
537 1340 688 1404 domiuus
704 1340 846 1404 decanus
872 1340 1033 1421 negotium
1058 1347 1159 1403 totum
1181 1335 1328 1402 commit-

238 1438 467 1513 tendumlesse
491 1439 714 1518 provisoribus
737 1439 854 1503 domus
871 1456 932 1502 nna
956 1455 1028 1503 cum
1052 1437 1237 1518 presidente
1260 1434 1327 1500 col-

240 1537 315 1618 legii
345 1537 521 1602 Buslidiaui
543 1539 604 1616 (l);
636 1539 690 1618 qui
720 1555 759 1602 ex
786 1539 925 1620 equitate
955 1547 1127 1618 computus
1153 1536 1331 1600 decernant

241 1635 566 1702 condescendendum
584 1637 722 1716 regenti,
741 1645 892 1717 quantum
917 1637 986 1702 fieri
1003 1645 1109 1718 potest
1129 1635 1199 1699 sine
1215 1648 1331 1714 magno

241 1744 272 1800 et
300 1734 431 1799 notabili
458 1735 575 1799 damno
598 1735 770 1811 facultatis,
784 1755 857 1801 cunr
881 1737 1035 1802 relatione
1061 1736 1099 1798 ad
1128 1733 1327 1807 facultatem

242 1833 360 1914 quique
388 1833 577 1914 provideant
603 1835 711 1899 domui
738 1835 778 1900 de
804 1838 975 1901 commodo
1001 1850 1206 1909 successore,
1234 1831 1330 1896 modo

241 1932 556 2013 regeuslmodernus
578 1949 686 1996 coram
709 1935 835 2000 notario
851 1935 970 2015 obliget
993 1950 1040 2008 se,
1058 1933 1143 2014 qnod
1166 1931 1262 1996 stabit
1278 1929 1329 2010 jn·

242 2029 328 2094 dicio
345 2030 561 2110 predictorum
577 2031 884 2109 commissariorum,
903 2034 945 2098 ita
963 2041 1008 2108 ut,
1022 2034 1152 2096 invento
1167 2031 1242 2103 alio,
1256 2043 1329 2093 cum

243 2147 307 2212 quo
331 2130 509 2212 transigere
526 2133 649 2212 possint
673 2151 731 2214 pro
747 2135 918 2200 commodo
941 2136 1057 2199 domus
1080 2143 1111 2199 et
1128 2133 1263 2198 utilitate
1285 2131 1329 2192 fa·

243 2229 389 2302 enitatis,
414 2245 504 2293 snam
531 2232 705 2312 regentiam
733 2233 909 2314 relinquet,
937 2249 975 2298 ne
1001 2234 1120 2297 frustra
1146 2229 1328 2311 hujusmodi

242 2329 430 2394 commissio
447 2331 652 2410 suscipiatur.
670 2335 761 2408 Aera,
779 2333 862 2407 Vlll,
881 2335 934 2398 fol.
954 2333 1014 2396 295
1030 2345 1072 2398 νῦ.

287 2461 344 2524 Dic
365 2462 447 2535 lunc,
464 2465 581 2527 mensis
602 2467 712 2546 aprilis
730 2467 810 2529 redd
832 2467 881 2530 dic
900 2470 962 2548 cuj,
981 2467 1099 2531 indicta
1115 2465 1172 2530 luit
1194 2479 1330 2544 cougre-

244 2559 330 2641 gatio
354 2559 511 2626 facultatis
534 2566 787 2629 extraordinaria
810 2567 842 2628 iu
867 2566 988 2629 scholis
1011 2565 1140 2640 artium,
1156 2564 1196 2628 ad
1220 2563 1329 2627 lauram

246 2675 362 2723 aronam
378 2672 451 2724 aute
468 2661 645 2738 meridiem,
656 2681 754 2744 super
769 2665 979 2744 sequentibus
995 2663 1140 2729 articulis
1157 2684 1164 2724 ε

288 2757 414 2822 Primus
440 2782 446 2821 :
470 2760 508 2823 ad
532 2762 725 2826 audiendum
753 2773 822 2826 acta
844 2763 1140 2828 commissariorum
1166 2769 1330 2825 eteorum

246 2856 451 2930 relationem,
477 2859 722 2938 qui-audieruut
744 2872 927 2942 computum
953 2863 1073 2926 domini
1098 2859 1239 2940 regentis
1261 2857 1330 2920 Fal-

247 2957 349 3020 conis.
367 2991 407 3002 -
423 2957 591 3023 Secundus
615 2982 623 3022 ι
648 2962 686 3023 ad
710 2960 952 3025 deliberandum
975 2978 1074 3041 super
1097 2957 1330 3040 supplicatione

247 3053 391 3134 ejusdem
405 3056 526 3119 domiui
539 3059 679 3138 regentis
692 3059 850 3133 Falconis,
866 3060 919 3141 qui
931 3061 1021 3136 alias,
1036 3060 1088 3124 die
1101 3058 1223 3131 martis,
1239 3055 1330 3120 tertia

247 3152 403 3226 octobris,
422 3155 658 3234 supplicaverat
681 3173 737 3236 prc
753 3157 945 3222 remissione
964 3159 1192 3240 quinquaginta
1215 3169 1331 3220 renen-

248 3250 331 3314 sium
347 3269 385 3314 ex
403 3253 526 3333 locagio
542 3255 658 3318 domus
675 3256 892 3337 pedagogialis
908 3257 1057 3321 Falconis
1080 3273 1138 3338 pro
1160 3271 1245 3319 anno
1262 3267 1332 3334 pre-

249 3349 355 3425 terito,
380 3350 411 3412 in
434 3351 558 3415 octobri
584 3353 693 3417 ultime
715 3354 1146 3435 elapsoilnit0.-Fertius
1165 3355 1229 3418 :ad
1252 3351 1332 3416 deli·

247 3447 423 3513 cerandum
447 3465 545 3529 super
567 3451 739 3516 commodo
754 3470 947 3518 successore
970 3453 1002 3517 iu
1026 3454 1168 3534 predicta
1192 3450 1332 3532 regentia

248 3547 395 3611 Falconis
411 3547 559 3629 eligendo
582 3559 613 3613 ct
630 3551 837 3626 nominando,
854 3552 906 3633 nui
924 3553 1078 3617 succedat
1101 3552 1132 3614 in
1150 3553 1213 3616 frue
1236 3549 1330 3630 hujus

247 3646 408 3711 currentis
424 3648 498 3711 aurai
510 3649 559 3712 vel
576 3658 660 3724 aute,
675 3651 702 3714 si
720 3651 782 3715 lroc
794 3652 949 3716 moderno
965 3653 1086 3734 regenti
1100 3660 1132 3717 et
1148 3649 1330 3716 successuri

247 3745 396 3825 eligendo
417 3745 578 3812 videbitur
600 3748 763 3828 expedire.
779 3751 972 3825 -Quartus
990 3773 997 3813 :
1015 3752 1088 3832 quia
1110 3751 1142 3814 in
1165 3757 1328 3815 contractu

248 3845 408 3909 facultatis
433 3863 505 3910 cum
530 3846 672 3927 predicto
699 3848 830 3914 domino
853 3860 984 3930 regente
1006 3850 1155 3915 Falconis
1181 3849 1261 3914 inito
1283 3856 1333 3913 est

247 3942 402 4006 articulus
427 3961 508 4010 unus
524 3945 653 4021 dubius,
671 3963 872 4012 concernens
888 3955 1046 4014 fenestras
1062 3949 1192 4022 vitreas,
1210 3961 1251 4010 an
1267 3946 1335 4027 pla·

285 4121 323 4193 (l)
343 4123 479 4180 Melchior
494 4125 658 4200 Ricltenrcy,
675 4130 708 4185 de
732 4129 863 4187 Melinos.
886 4132 940 4187 Cir.
963 4134 1049 4197 doru,
1072 4131 1145 4200 Viti,
1161 4131 1210 4188 fol.
1223 4128 1279 4184 242
1297 4136 1334 4192 νο,

247 4212 284 4268 28
303 4217 477 4286 septembris,
490 4218 525 4272 ad
539 4219 661 4278 tertium.
