3186 4942
727 372 912 439 ...354-

282 555 400 624 nultus
442 555 712 636 peritissimorum
757 555 899 620 virorum
939 555 1113 620 astantium
1157 555 1376 619 admiratione

281 655 398 721 eximie
419 655 655 728 determinavit,
672 655 726 736 qui
752 671 825 720 eum
849 655 993 737 prolecto
1016 654 1095 720 tanti
1118 654 1237 729 iecere,
1262 654 1376 736 quanti

282 753 353 835 eius
379 753 497 836 ingenii
520 752 716 834 exposcebat
735 753 908 820 celsitudo.
934 753 965 818 ls
991 770 1120 835 quoque
1142 754 1320 818 immensus
1343 752 1375 818 ei

282 852 421 918 tributos
444 863 495 918 est
511 851 627 926 honos,
645 869 740 933 quem
755 852 827 932 eius
847 853 965 934 pericia
982 852 1168 934 ingeniique
1188 852 1375 916 sublimitas

282 951 505 1026 merebantur;
526 951 638 1034 sicque
653 951 805 1016 omnibus
828 968 927 1016 curuo
944 950 1020 1032 [lepc
1035 955 1142 1029 carus]
1159 961 1238 1026 erat,
1256 960 1287 1015 et
1302 960 1376 1014 tatt-

282 1065 376 1132 quam
405 1067 512 1115 rarum
529 1052 773 1135 preclarumque
796 1067 912 1115 munus
935 1051 1123 1116 habebatur.
1143 1049 1201 1114 Ubi
1226 1059 1375 1130 preterea

283 1149 500 1214 ltereticorum
513 1150 724 1231 quorumdam
740 1149 959 1214 nivellensium
970 1147 1002 1226 iil
1011 1148 1099 1230 juxta
1111 1149 1270 1230 vulgatam
1283 1148 1324 1212 de
1336 1163 1378 1212 se

284 1247 473 1332 sapientiam
497 1258 648 1329 tanquam
675 1248 748 1313 lidei
772 1247 848 1328 iugil
878 1247 955 1329 [ispe
975 1247 1063 1329 vigili
1085 1247 1379 1312 exercitatissimus

284 1345 466 1417 accilerate.
490 1347 594 1410 valide
616 1361 654 1410 ac
681 1355 887 1427 prepotenter
910 1346 1118 1427 oppugnavit,
1143 1345 1320 1412 contulerit
1342 1354 1378 1411 et

285 1447 487 1526 consumpsit
508 1461 641 1510 erroreo
662 1445 739 1526 [ispe
754 1447 907 1523 cerronesi,
931 1445 1026 1510 iidem
1049 1445 1238 1510 ortodoxam
1262 1444 1379 1509 deien-

286 1544 380 1619 sarlt‚
404 1543 578 1618 roboravit,
603 1543 787 1608 sublimavit
809 1551 841 1608 et
860 1545 957 1618 auxit,
982 1543 1067 1624 quod
1092 1541 1379 1610 Carmelioolarum

285 1643 407 1724 generi,
440 1643 572 1717 nomini,
604 1643 723 1708 lamille
751 1642 924 1722 disciplina
956 1643 1021 1724 jam
1052 1642 1175 1722 pridem
1213 1643 1381 1722 peculiare

288 1741 403 1806 extitit.

330 1839 489 1904 »librum
512 1857 652 1921 quoque,
676 1842 709 1904 itt
732 1857 796 1922 quo
818 1857 895 1906 rere
917 1839 1021 1905 laudis
1046 1840 1217 1920 plurimum
1247 1840 1378 1915 meruit,

287 1953 326 2001 ex
350 1937 509 2002 ditissima
536 1939 655 2019 ingenii
682 1955 761 2004 rena
787 1939 930 2004 condidit
953 1941 991 2003 de
1017 1940 1149 2020 pluriora
1174 1946 1202 2002 ct
1230 1937 1381 2019 trrepobtit

288 2037 484 2101 Eucharistic
497 2047 709 2112 sacramenta·
732 2039 906 2103 inauditam
929 2039 1021 2120 cuius
1036 2038 1260 2104 celsitudinem
1276 2038 1382 2102 admi·

289 2134 455 2216 tabileque
472 2152 590 2201 numen
608 2153 703 2202 nemo
719 2151 868 2218 umquam
883 2153 941 2217 pro
957 2153 1082 2202 summa
1098 2137 1144 2202 rei
1160 2136 1386 2218 magnitudine

292 2233 372 2298 satis
388 2235 490 2315 potuit
505 2235 678 2316 explicare.

331 2354 349 2391 o
363 2331 524 2399 Semnones
540 2335 673 2415 insuper
683 2335 884 2415 predicabiles
898 2337 935 2400 dc
946 2337 1108 2400 dominicis
1123 2343 1151 2398 et
1164 2334 1385 2415 festivitatibus

288 2449 344 2512 per
365 2433 439 2495 atttti
460 2433 608 2496 circulum
633 2433 871 2514 emergentibus
895 2433 1086 2508 utilissimos
1113 2449 1150 2497 ac
1174 2433 1380 2514 magistrales

289 2531 446 2596 adversus
469 2531 624 2596 viciorum
649 2533 751 2597 labem
774 2533 946 2612 diligenter
960 2543 1174 2613 accurateque
1197 2531 1381 2612 posteritati

288 2629 417 2695 tradidit
439 2631 611 2696 dulcedine
633 2631 784 2704 mellillua
807 2631 1044 2708 redundantem
1068 2648 1163 2713 aqua
1178 2630 1309 2696 dillicila
1331 2631 1378 2698 sit

289 2728 396 2802 evelli,
414 2729 440 2792 si
458 2731 557 2794 semel
574 2729 658 2793 labia
674 2730 878 2810 apposueris.

332 2849 349 2884 n
364 2827 457 2890 Anno
472 2837 577 2892 autern
589 2829 784 2894 christianae
801 2829 915 2894 salutis
933 2846 975 2892 m.
988 2847 1077 2895 acac.
1092 2829 1187 2893 lxxvi.
1203 2829 1252 2892 xri
1266 2829 1380 2892 ltalsn·

289 2924 347 2988 das
362 2926 501 3006 augusti,
520 2925 585 2990 lieo
608 2937 784 3008 naturaque
807 2929 991 2993 concedens
1015 2929 1047 2992 in
1071 2928 1209 2994 cenobio
1223 2926 1382 3003 ienensi,

290 3023 342 3087 ubi
366 3023 429 3088 dirl
446 3023 542 3089 liaris
563 3025 701 3091 clamide
723 3027 859 3090 candida
882 3027 1019 3107 primum
1043 3028 1174 3092 indutus
1196 3037 1257 3102 est,
1274 3026 1381 3090 elatus

290 3138 415 3188 merore
442 3123 571 3205 publico
593 3125 701 3190 debita
727 3126 905 3190 variatione
928 3125 1006 3207 [ispe
1029 3127 1245 3202 veneratione]
1267 3124 1382 3204 sepul·

289 3229 392 3286 turam
409 3223 545 3302 accepit.
565 3246 579 3279 ι

287 3419 298 3481 i
329 3319 360 3384 Ξ.
385 3321 566 3402 Quodlibcto
585 3321 673 3386 varia
690 3323 819 3387 lovanii
843 3323 962 3398 babila,
980 3341 1037 3388 seu
1054 3323 1256 3402 Quaestiones
1277 3321 1376 3404 qnad-

299 3419 434 3583 tiginigse·
442 3520 574 3600 ptortoso
588 3528 618 3584 ct
632 3520 779 3601 ineffabili
796 3522 1013 3586 Eucharistiae
1028 3529 1231 3586 comanente.

327 3618 358 3680 l.
381 3617 480 3700 Super
494 3619 622 3700 epistola
635 3621 735 3682 soracti
753 3621 844 3683 Pauli
859 3622 900 3684 od
917 3623 1072 3685 Romanos
1088 3621 1213 3684 lectura.

327 3715 357 3779 d.
382 3717 544 3781 Sermones
558 3719 597 3781 de
612 3726 744 3800 tempore
759 3724 786 3781 et
802 3721 839 3782 de
852 3721 949 3799 sestis.

326 3814 356 3878 6.
381 3815 544 3880 Sermones
560 3817 597 3881 dc
612 3817 726 3880 sanctis
741 3817 793 3895 lli.

321 4013 360 4086 (l)
380 4015 470 4085 Opera
492 4015 626 4070 recensita
651 4016 703 4070 sub
726 4015 848 4070 numeris
873 4015 892 4071 2
913 4015 949 4069 ad
971 4015 990 4068 a
1013 4013 1172 4069 indicantur
1193 4013 1222 4066 in
1248 4017 1374 4068 extracto

282 4121 317 4158 sc
337 4109 408 4159 libro
428 4109 461 4159 de
479 4111 548 4160 ciris
571 4109 727 4160 illustribus
745 4111 853 4160 ordinis
877 4105 1070 4170 Semelitani,
1085 4105 1160 4176 quod
1179 4120 1262 4175 supra
1282 4109 1371 4158 trans·

282 4211 452 4266 scr-tpstmus.
