3236 4952
729 374 917 438 -tltt-

276 555 462 630 Sobcudr'ue,
478 557 589 621 truens
606 566 768 621 menstrua
784 556 1012 622 distributione
1028 559 1161 638 quadam
1179 576 1218 623 ex
1235 559 1367 626 residuo

278 653 436 719 bonorum
459 655 579 719 domini
597 655 727 727 Ruardi,
747 655 849 720 leliois
873 656 1120 730 recordationis,
1138 657 1291 722 translata
1309 659 1368 724 luit

278 769 317 817 cx
343 753 399 816 illo
424 753 456 816 in
483 755 613 818 domum
641 754 716 820 dicti
740 754 860 818 domini
885 754 1004 818 Ruardi
1032 756 1124 820 sitam
1152 773 1193 836 op
1216 759 1265 821 die
1288 760 1365 840 Lep,

277 859 453 932 vocataque
484 852 541 916 tuit
569 852 728 932 collegium
758 855 876 917 domini
901 855 1032 917 Ruurdi.
1065 855 1192 926 Verum,
1220 856 1366 938 collegiis

278 951 503 1032 theologorum
526 951 808 1024 contendentibus,
828 951 913 1032 quod
938 951 1007 1016 sois
1029 951 1188 1016 burseriis
1211 954 1364 1034 applicari

277 1049 408 1114 deberet
438 1051 601 1114 residuum
632 1051 790 1115 bonorum
817 1050 948 1122 Runrdi,
978 1068 1019 1114 ne
1045 1051 1216 1131 collegium
1245 1053 1365 1118 dictum

276 1148 1364 1230 planeconcideret,quippequoddotedestitutumesset,dominus

275 1247 488 1312 cancellarius
512 1248 687 1312 modernus
713 1249 845 1312 lliobadl
873 1249 913 1312 de
940 1248 1003 1329 buy
1030 1250 1145 1312 dictam
1170 1251 1299 1315 domum
1326 1271 1364 1333 op

277 1347 315 1409 de
333 1348 394 1426 tep
409 1348 477 1411 suis
494 1347 676 1428 sumptibus
692 1348 879 1428 emittitque
896 1349 927 1410 in
945 1365 1036 1412 usum
1054 1349 1180 1430 collegii
1198 1349 1364 1430 cujusdam

276 1445 499 1526 theologorum
516 1447 689 1520 transtulit,
706 1448 868 1528 certisque
884 1447 978 1511 bonis
994 1447 1127 1517 dotavit,
1145 1447 1366 1530 collegiumque

277 1544 336 1606 diui
351 1544 528 1625 Augustini,
546 1545 597 1609 cui
621 1547 754 1610 multum
772 1547 908 1610 devotus
931 1556 963 1610 et
977 1547 1106 1610 deditus
1129 1557 1190 1620 est,
1209 1548 1363 1628 appellari

275 1643 386 1708 voluit.
402 1643 436 1706 ln
450 1645 511 1707 boc
526 1643 664 1724 collegio
680 1645 831 1708 dominus
846 1644 956 1708 Victor
971 1645 1011 1708 de
1026 1645 1233 1726 Slepngbere,
1252 1654 1362 1726 pastor

274 1740 306 1804 in
333 1739 529 1806 oostlarcka
555 1752 609 1806 aut
634 1744 814 1824 propinquo
842 1759 924 1824 pago
950 1744 1034 1807 circa
1062 1745 1194 1824 Bruges,
1219 1744 1363 1808 fundavit

274 1840 353 1904 duas
377 1841 478 1905 bonus
503 1841 620 1905 bursas
643 1842 675 1904 in
692 1843 959 1906 sustentationem
984 1843 1120 1905 duorum
1137 1842 1362 1906 Zelaudorum.

273 1937 447 2002 Transtulit
471 1939 566 2003 simul
591 1940 622 2002 in
646 1957 725 2004 usus
748 1939 875 2021 collegii
901 1939 975 2003 dicti
1001 1941 1190 2020 pensionem
1218 1941 1364 2006 redditus

273 2038 391 2111 vitalis
409 2055 502 2118 quam
518 2039 669 2101 advitam
686 2040 789 2117 ipsius
805 2039 925 2102 domini
942 2039 1080 2102 Victoris
1096 2039 1233 2104 debebat
1249 2040 1363 2104 civitas

272 2129 539 2216 nritwerpiensis.
558 2137 655 2211 Quam
680 2147 714 2200 ut
737 2137 907 2217 collegium
926 2137 1045 2200 dictum
1070 2138 1214 2216 recipere
1238 2150 1360 2216 posset,

274 2252 408 2299 necesse
438 2236 466 2299 ei
496 2246 585 2301 esset
614 2236 742 2310 docere,
775 2246 827 2300 aut
858 2236 975 2300 dictum
1007 2236 1171 2299 domiuum
1202 2237 1362 2302 Victorem

273 2333 391 2408 vivere,
410 2336 492 2414 quod
522 2353 584 2398 uon
601 2336 775 2410 credimus,
793 2345 847 2397 aut
862 2335 946 2398 diem
970 2346 1001 2398 et
1017 2353 1133 2398 aunum
1162 2336 1274 2404 mortis
1291 2336 1361 2416 eius

271 2434 452 2514 designare,
470 2450 552 2514 quae
575 2435 772 2514 ignoramus.
793 2434 860 2498 Hoc
883 2434 990 2513 itaque
1006 2445 1066 2505 est,
1085 2439 1117 2496 iu
1145 2451 1209 2515 uuo
1234 2436 1362 2514 pietatis

271 2544 398 2596 vestrae
413 2549 559 2610 operam.
576 2549 637 2612 qua
655 2534 771 2596 studiis
787 2533 890 2596 sacris
907 2549 945 2596 ac
962 2533 1100 2612 publicis
1122 2534 1228 2597 adbuc
1243 2533 1363 2598 absens

272 2633 472 2712 cooperaris,
489 2633 607 2696 obnixe
634 2633 839 2712 requirimus,
859 2641 891 2695 ut
915 2649 972 2710 per
987 2631 1235 2696 instrumentum
1260 2631 1363 2710 publi-

270 2747 356 2803 cum,
373 2732 499 2812 collegii
522 2731 597 2794 dioti
615 2730 797 2810 sumptibus
813 2728 1062 2800 conficiendum,
1082 2740 1231 2794 testatum
1256 2735 1362 2796 lacere

271 2847 333 2894 non
351 2831 507 2909 graveris,
525 2837 580 2892 aut
596 2829 680 2908 quod
698 2827 849 2892 dominus
865 2827 972 2890 Victor
988 2828 1028 2892 de
1044 2827 1240 2909 Sleyngbere
1256 2828 1362 2893 adhuc

269 2929 358 3004 vivit,
375 2938 441 3002 eut,
466 2946 529 3009 ouo
552 2944 636 2990 anno
659 2935 690 2990 et
712 2927 764 2990 die
787 2928 819 2989 in
844 2927 988 3000 Domino,
1017 2937 1049 2990 ut
1073 2929 1113 2992 de
1135 2927 1206 3008 elus
1231 2929 1358 3008 pietate,

270 3043 363 3108 quam
393 3028 610 3108 probavimus,
638 3025 843 3097 confidimus,
873 3036 1019 3090 mortuus
1045 3029 1098 3090 sit.
1123 3027 1192 3090 Non
1215 3028 1301 3092 enim
1328 3029 1361 3092 in

268 3127 409 3190 animum
434 3127 586 3191 inducere
602 3143 776 3206 possumus
799 3136 852 3188 aut
868 3127 973 3204 ipsum
998 3125 1162 3190 dominum
1181 3126 1355 3201 Victorem,
1469 3195 1476 3209 ,

268 3226 322 3306 qui
359 3227 389 3287 in
420 3237 526 3291 vestre
562 3225 685 3288 diocesi
724 3233 897 3304 pastorem,
927 3234 970 3298 et,
1002 3224 1033 3285 ni
1065 3225 1169 3297 latior,
1202 3227 1357 3289 decanum

267 3327 407 3390 ruralem
431 3327 505 3406 egit,
529 3326 622 3389 vobis
646 3340 719 3388 esse
742 3323 952 3402 incognitum,
971 3333 1024 3386 aut
1046 3324 1131 3386 diem
1154 3324 1263 3388 obitus
1287 3323 1357 3403 ejus

267 3441 341 3488 esse
363 3425 456 3489 vobis
479 3435 532 3488 aut
557 3425 608 3499 iis,
634 3425 687 3504 uui
715 3423 800 3487 oiroa
830 3439 889 3487 vos
915 3431 1002 3497 sunt,
1026 3423 1263 3488 absconditum.
1290 3425 1358 3488 Hoc

266 3526 429 3604 negotium
453 3525 649 3604 quotidianis
676 3523 740 3586 tuis
768 3523 913 3601 plurimis
937 3521 1185 3604 difficilibusque
1216 3523 1356 3602 adjicere

265 3623 381 3697 audeo,
413 3623 515 3687 lretus
551 3619 657 3687 ve'stra
688 3623 720 3683 in
751 3621 917 3685 studiosos
948 3621 1164 3687 lovanienses
1194 3639 1355 3703 propense

266 3719 488 3786 benevolentia
525 3733 556 3787 et
592 3723 623 3784 in
664 3721 828 3786 dominum
866 3722 1094 3785 cancellarium
1132 3723 1172 3787 de
1203 3722 1265 3802 Ray
1304 3722 1354 3802 pia

266 3819 482 3884 observantia.

308 3917 424 3982 Precor
442 3918 552 3987 Deum,
572 3926 604 3981 ut
629 3919 777 3998 pietatem
794 3929 880 3982 tuam
898 3919 1060 3984 Ecclesiae
1076 3937 1154 3984 suae
1176 3919 1229 3982 diu
1247 3923 1355 3981 servet

265 4015 458 4082 incolumem
476 4033 631 4100 prospere
646 4027 806 4099 agentem.
1154 4021 1156 4028 “
