3202 4948
727 507 766 519 --
789 471 850 532 ara
871 507 910 516 -

270 651 390 717 deiude
415 653 618 734 hntverpiae,
646 652 1144 734 1111116111101111[0110011101
1174 650 1356 732 Eugelberti

270 751 428 863 Gymnici,
457 767 541 816 artno
568 751 648 816 teas
674 752 806 817 editum.
825 753 894 816 Vol.
919 752 950 816 iu
973 751 1006 815 4ο
1024 761 1178 817 constans
1194 751 1233 814 31
1249 760 1279 815 01
1295 751 1357 814 315

272 867 501 1032 ρθῖιὲιέ10011ο
525 950 634 1014 iacobi
661 951 706 1016 lle
732 951 870 1016 Riddere
896 951 1017 1016 videsis
1040 951 1072 1014 S.
1097 950 1358 1024 Branchiadae

273 1047 419 1112 titianae
434 1057 461 1112 et
476 1049 732 1133 bibliographique
746 1051 799 1113 des
815 1052 923 1114 Frdres
939 1052 1077 1114 Mineurs
1093 1051 1131 1113 dc
1145 1048 1358 1113 l’Obserannce

271 1165 310 1211 en
328 1147 483 1230 licinique,
503 1165 555 1229 op.
573 1149 632 1213 113
650 1160 682 1214 01
696 1149 768 1213 att.

313 1299 484 1363 Ludouieus
504 1300 638 1363 Vnn'der
653 1301 733 1373 Eira,
750 1316 862 1365 sacrae
886 1299 1066 1380 theologiae
1093 1299 1195 1364 lector
1217 1297 1256 1360 ab
1272 1313 1358 1360 anno

273 1397 353 1460 loto
366 1397 398 1460 ia
411 1407 570 1463 coaventu
584 1398 787 1471 lovaniensi,
801 1399 917 1463 deinde
928 1397 1121 1477 hntverpiae
1137 1395 1358 1476 compluribus

270 1497 479 1561 canisium
505 1499 749 1578 Antverpiensis
775 1497 922 1562 coenobii
946 1498 1072 1562 tertium
1099 1495 1307 1578 guardianus,
1325 1504 1358 1560 et

274 1605 437 1674 uostremo
460 1597 589 1678 qrridem
612 1614 695 1661 anno
721 1596 798 1660 1663
824 1597 958 1662 electus.
988 1594 1167 1676 Aliquoties
1192 1593 1354 1669 definitor,

270 1696 454 1775 provinciae
481 1713 558 1761 suae
584 1705 706 1770 custos,
730 1696 853 1760 alienae
878 1695 1033 1761 visitator.
1064 1693 1208 1776 Migravit
1233 1709 1251 1757 e
1275 1693 1355 1755 vivis

270 1795 461 1874 hntveroiae
477 1795 515 1858 16
533 1796 717 1860 novembris
732 1795 823 1859 16111.

312 1945 465 2007 1111011111
478 1945 515 2007 nb
532 1945 745 2020 Oudotltnoeu,
763 1962 874 2009 sacrae
898 1946 1077 2026 theologiae
1093 1946 1194 2009 lector
1216 1944 1255 2007 ab
1271 1960 1355 2008 anrro

273 2041 364 2104 1611.
389 2042 471 2104 Olim
495 2042 716 2123 philosophiae
742 2045 889 2108 alumnus
916 2044 948 2106 in
972 2043 1141 2108 Academia
1165 2041 1357 2107 lovaniensi

270 2148 367 2222 atque
393 2141 476 2204 inter
502 2142 593 2224 primi
620 2143 807 2207 duodenarii
836 2144 956 2223 primos
983 2145 1089 2207 locum
1113 2143 1258 2222 adeptus,
1284 2149 1358 2222 post

273 2239 416 2320 ejusdem
441 2241 595 2306 scientiae
617 2243 699 2322 apud
718 2259 795 2306 suos
820 2243 996 2322 professor.
1014 2243 1085 2307 Fuit
1107 2242 1181 2306 dein
1199 2240 1356 2304 Bruxellis

270 2338 311 2402 ad
328 2339 431 2402 divam
449 2338 603 2404 Gudulam
627 2341 847 2412 concionator,
864 2342 1061 2423 guardiauns
1085 2341 1283 2410 mechliniae,
1302 2339 1355 2403 ubi

272 2438 426 2502 senatorii
442 2438 566 2503 ordinis
592 2438 669 2503 viris
685 2455 794 2503 carum
819 2457 854 2504 se
870 2451 902 2504 et
919 2441 1026 2505 utilem
1043 2440 1204 2513 exhibuit;
1228 2438 1357 2520 provin·

268 2537 340 2601 ciac
356 2554 433 2601 suae
444 2548 556 2624 custos
569 2539 751 2616 custodum,
769 2551 864 2620 atque
877 2540 998 2604 interea
1015 2556 1032 2603 a
1046 2539 1188 2619 patribus
1200 2538 1357 2602 Senoniae

270 2637 302 2699 in
318 2635 515 2701 visitatorem
533 2638 731 2716 postulatum
749 2655 885 2720 cumque
901 2637 1058 2702 adfuisset
1072 2637 1216 2719 generali
1229 2636 1355 2701 ordinis

266 2737 498 2815 congregatori
528 2735 685 2800 Victoriae
715 2737 746 2799 in
773 2737 954 2800 Catalauuis
981 2736 1119 2810 habitae,
1149 2735 1356 2816 prominister

269 2850 353 2898 anno
370 2834 450 2896 1619
465 2834 652 2916 designatus
668 2845 728 2910 est,
747 2845 780 2900 ut
796 2835 865 2901 vice
889 2835 1026 2900 ministri
1041 2837 1204 2899 conterret
1226 2851 1299 2898 sese
1315 2834 1353 2900 ad

266 2935 418 3014 generale
440 2934 613 3014 capitulum
629 2935 748 3000 Romae
770 2935 997 3000 celebrandum
1020 2951 1104 2999 anno
1131 2935 1223 2998 1651.
1248 2933 1355 2997 Rediit

274 3049 312 3096 ex
339 3031 418 3096 urbe
445 3033 542 3098 totius
568 3033 694 3098 ordinis
722 3033 873 3099 delinitor
897 3043 1037 3098 creatus.
1064 3033 1142 3096 Tum
1174 3031 1359 3113 provinciae

272 3130 421 3212 Belgicae
434 3131 580 3196 minister
595 3133 719 3197 electus
735 3143 785 3196 est
800 3132 832 3194 iu
855 3133 998 3214 capitulo
1016 3131 1238 3196 mechliniensi
1256 3131 1293 3194 13
1313 3131 1360 3212 jae

271 3229 374 3322 nuarii
389 3230 562 3295 10111111
577 3231 760 3311 hispaniam
778 3232 879 3312 petiit,
889 3231 1095 3313 generalibus
1109 3232 1249 3296 comitiis
1257 3231 1359 3296 loleti

270 3328 472 3394 celebrandis
488 3331 713 3395 interfuturus.
732 3330 875 3412 benique
898 3330 1136 3411 provinciarum
1158 3329 1357 3406 Germaniae,

270 3425 384 3509 belgit,
402 3429 667 3499 Britannicarum,
687 3429 823 3494 Dacicae
848 3439 879 3494 et
895 3445 1090 3494 annexarum
1114 3428 1360 3493 commissarius

271 3527 431 3607 generalis
443 3544 460 3591 a
473 3529 745 3594 reverendissimo
762 3539 852 3609 patre
864 3529 987 3609 hugelo
1002 3545 1018 3592 1
1035 3527 1202 3602 sambuca,
1219 3528 1360 3592 universi

269 3626 395 3691 ordinis
425 3628 597 3708 praelecto,
629 3629 836 3702 constitutus,
868 3627 1050 3710 provincias
1082 3629 1252 3708 plerasque
1280 3627 1362 3692 obiit

272 3743 337 3791 non
364 3727 435 3792 sine
461 3728 643 3808 ingentibus
673 3729 832 3793 molestiis
857 3727 899 3793 ob
925 3729 1074 3808 corporis
1103 3727 1358 3802 invalitudinem,

272 3825 356 3891 laeto
383 3835 488 3890 tamen
514 3825 672 3908 hilarique
697 3843 826 3907 semper
852 3827 971 3892 1111110.
1000 3825 1199 3897 lleehliniae,
1225 3825 1278 3889 nbi
1304 3825 1359 3889 diu

272 3924 479 4000 habitaverat,
498 3934 643 3990 mortuus
670 3925 709 3989 19
725 3926 851 4008 augusti
875 3925 949 3990 anai
968 3925 1059 4000 1661,
1076 3926 1189 3989 aetatis
1204 3923 1268 4000 54⁰,
1286 3933 1361 3988 aute

272 4041 358 4088 aram
382 4033 561 4090 conventus
578 4026 760 4106 primariam
784 4026 929 4105 sepultus
944 4034 1006 4100 est,
1023 4035 1056 4089 et
1071 4025 1233 4105 epitaphio
1256 4025 1359 4088 hono-

273 4132 372 4198 ratus,
396 4125 480 4205 quod
506 4125 612 4206 legere
633 4135 683 4190 est
707 4125 790 4205 apud
808 4125 867 4188 Vsu
887 4143 941 4188 usu
957 4124 1070 4200 Erana,
1090 4125 1258 4200 Provincia,
1275 4123 1357 4198 stad,

270 4224 348 4287 erade
362 4224 478 4286 district
493 4243 552 4287 una
574 4224 739 4298 diocletani,
764 4224 802 4298 h,
827 4241 857 4304 p.
883 4222 934 4286 tl.
959 4223 1140 4287 Notandum
1158 4232 1264 4287 tamen
1288 4223 1357 4285 Van
