3222 4950
706 438 891 503 -381-

248 635 295 698 rit
311 633 406 697 nobis
421 631 523 694 libros
545 643 623 692 suos
649 639 774 695 omnes,
803 619 858 700 004
880 615 920 679 ad
943 607 1136 688 theologiam
1162 611 1195 665 ct
1220 597 1258 662 ad
1283 595 1338 676 jus

250 733 442 800 canonicum
466 726 681 810 pertinebant,
709 731 772 786 etc.
801 719 880 782 Vide
902 715 934 778 in
964 709 1047 774 libro
1077 699 1335 770 elemosinarum,

251 833 389 915 qualiter
402 829 445 910 hij
458 827 576 892 debent
588 819 824 889 accommodari
837 809 1097 880 castrensibus.»
1109 803 1154 865 lta
1168 795 1338 862 t'hrout'eou

252 931 427 995 carthusiae
441 920 742 1003 bononiensisquod
759 915 920 983 edidimus
933 911 965 974 in
981 904 1142 973 Analectcs
1152 915 1230 979 pour
1243 895 1341 958 scuit·

253 1034 272 1094 14
287 1031 434 1095 l'bistoire
445 1024 673 1105 ecclesiasticus
687 1021 725 1084 de
739 1015 935 1096 chefpipue,
948 1005 1127 1082 xtV,t8tt,
1145 1017 1177 1080 p.
1193 994 1266 1058 atti.

297 1195 329 1257 2.
356 1193 484 1256 loannes
511 1189 675 1260 Barnnous,
699 1182 863 1252 athensis,
888 1189 985 1252 saepe
1014 1169 1120 1234 dictus
1148 1162 1277 1226 4000003
1306 1170 1344 1216 00

255 1297 319 1358 Ara
358 1302 390 1358 et
424 1289 617 1372 quandoque
647 1283 742 1348 etiam
779 1281 994 1360 Boemoraeus,
1025 1269 1053 1332 si
1090 1259 1281 1345 quibusdam
1311 1253 1342 1316 id

256 1390 477 1458 asserentibus
500 1386 634 1451 eredere
664 1381 771 1454 liceat,
801 1378 834 1439 in
857 1373 996 1437 Falcone
1026 1373 1099 1429 ante
1122 1373 1240 1423 annum
1263 1351 1341 1417 1491

257 1491 424 1556 docuisset
447 1479 693 1567 philosophiam.
724 1477 803 1541 Vide
826 1475 909 1538 inter
932 1482 1044 1535 saerse
1067 1457 1247 1538 theologiae
1269 1451 1344 1515 doc·

259 1604 348 1656 tores
363 1598 395 1653 et
411 1585 627 1668 professores.

301 1757 331 1820 3.
351 1757 527 1817 4100001003
552 1768 587 1812 00
610 1748 798 1814 1400000000,
823 1755 907 1804 anno
931 1734 1010 1799 1484
1032 1733 1065 1794 40
1087 1725 1211 1792 artibus
1236 1737 1255 1785 0
1275 1717 1346 1780 rat·

259 1871 341 1921 cone
365 1853 500 1933 primus
517 1851 550 1912 in
574 1849 637 1912 hoo
660 1862 719 1909 suo
743 1837 939 1922 paedagogio
966 1826 1203 1915 philosophiam
1224 1815 1346 1883 docuit.

260 1955 377 2018 Factus
392 1961 441 2016 est
458 1959 569 2031 postea
585 1954 716 2011 senatus
734 1939 921 2004 Brabantiae
936 1929 1154 1998 consiliarius.

302 2123 321 2184 4
349 2125 478 2183 ficosus
496 2135 533 2180 ns
551 2116 792 2182 lloocsrnncran,
811 2107 859 2171 sio
874 2104 981 2167 dictus
997 2116 1015 2163 a
1034 2093 1149 2160 natalis
1165 2088 1227 2155 soli
1244 2082 1347 2150 muni-

262 2221 348 2302 cipio
364 2235 427 2284 non
453 2215 584 2298 ignobili
608 2213 640 2275 in
657 2207 819 2288 campinia
844 2201 1042 2271 brabantioa,
1060 2210 1145 2259 anno
1168 2187 1250 2252 14115
1265 2185 1350 2248 inter

257 2321 379 2384 artium
406 2321 579 2397 magistros
596 2331 613 2376 e
629 2313 766 2374 Falcone
794 2305 928 2387 primns,
946 2317 984 2364 ac
999 2297 1072 2362 dein
1101 2293 1133 2356 in
1148 2289 1262 2355 eodem
1288 2282 1350 2345 hoc

264 2435 323 2484 suo
333 2415 533 2498 paedagogio
547 2409 768 2492 philosophiae
781 2389 1211 2485 professorlnnecotoniam
1221 2379 1350 2465 juvenis

263 2518 438 2597 profectus,
455 2513 572 2576 ibidem
589 2509 734 2573 ordinem
757 2505 888 2568 fratrum
907 2496 1166 2564 praedicatorum
1183 2482 1349 2564 amplexus

261 2625 323 2690 est,
347 2623 454 2694 01000,
481 2609 640 2674 absolutis
664 2605 779 2670 studiis
806 2595 1040 2682 philosophicis
1070 2588 1248 2665 sacrisque,
1278 2584 1352 2659 post

259 2714 342 2778 alios
357 2720 529 2790 susceptos
548 2707 667 2788 gradus
685 2705 821 2785 palmam
845 2697 972 2764 tandem
988 2688 1206 2772 magistralem
1230 2679 1350 2746 solem-

263 2813 346 2877 niter
360 2811 393 2874 in
413 2807 628 2872 Universitate
640 2799 826 2868 Coloniensi
842 2795 1029 2878 reportarit.
1044 2787 1166 2854 lleinde
1182 2779 1350 2863 professor

264 2913 423 2996 publicus,
441 2908 604 2987 studiique
619 2903 779 2987 generalis
794 2903 844 2965 sui
864 2895 989 2963 ordinis
1004 2905 1122 2972 regens
1142 2885 1201 2950 fuit
1216 2889 1247 2946 et
1263 2877 1352 2959 prior

266 3019 444 3076 conventus
459 3007 719 3071 Praedicatornm
736 3002 766 3063 in
779 2987 1156 3064 dictaUniversitatc.Vir
1168 2983 1263 3064 plane
1273 2977 1350 3041 doc-

267 3120 330 3184 tus,
344 3107 480 3178 strenni,
496 3104 588 3170 fortis
600 3113 632 3167 et
644 3099 768 3164 infracti
781 3097 890 3169 animi,
900 3093 1054 3175 qui‚teste
1066 3085 1208 3150 huberto
1219 3078 1351 3148 lliraeo,

265 3227 343 3275 suae
372 3205 568 3289 professioni
595 3191 794 3283 nequaqnam
821 3195 932 3269 defuit,
951 3191 1013 3254 nisi
1034 3186 1131 3269 quod,
1147 3198 1204 3262 pro
1230 3175 1351 3242 saeculi

265 3307 462 3378 infelicitate,
490 3320 554 3367 non
583 3301 663 3366 satis
694 3299 835 3362 fortasse
859 3289 999 3374 politiori
1026 3288 1191 3350 literatura
1218 3277 1350 3348 tinctus,

265 3405 351 3470 illius
365 3404 435 3469 aevi
451 3402 562 3467 sciolis
578 3394 797 3464 calumniandi
820 3391 1025 3458 occasionem
1042 3379 1179 3448 dederit.

308 3501 554 3569 Ecclesiasticae
570 3497 760 3578 disciplinae
784 3494 815 3579 in
832 3488 981 3572 fugandis
1002 3481 1215 3560 arcendisque
1242 3474 1354 3537 haere-

267 3603 351 3680 ticis,
369 3613 436 3667 tunt
453 3597 660 3664 nascentibus
675 3605 770 3676 01000
784 3592 943 3656 violenter
958 3585 1067 3652 omnia
1086 3573 1350 3657 irrumpentibus,

268 3701 425 3785 plurimos
440 3713 543 3762 annos
558 3695 645 3776 vigili
661 3711 738 3758 eura
759 3701 855 3772 01000
870 3687 1035 3752 indefesso
1057 3679 1165 3747 studio
1180 3671 1351 3755 inquisitor

267 3799 447 3867 haereticae
476 3793 640 3878 pravitatis
672 3809 728 3872 per
758 3791 926 3854 dioeceses
955 3782 1191 3849 coloniensem,
1219 3773 1352 3852 lingun-

268 3900 364 3964 tinam
379 3908 411 3963 01
425 3893 660 3965 Trevirensem,
678 3903 891 3954 summanum
907 3885 1043 3950 utilitate
1063 3875 1208 3960 praefuit.
1229 3871 1354 3934 Primos

268 4001 350 4064 inter
361 3999 392 4060 in
407 3995 580 4060 bulborum
594 3992 751 4056 calamum
768 3987 913 4062 strinxit;
927 3983 969 4048 ob
985 3983 1016 4045 id
1031 3990 1098 4045 turn
1113 3977 1153 4042 ab
1169 3970 1352 4042 haereticis,

266 4113 351 4180 0003
367 4093 539 4178 praecipue
553 4091 677 4166 oderat,
695 4099 762 4153 tum
777 4087 872 4154 etiam
884 4085 923 4149 ab
939 4083 1010 4147 aliis
1025 4080 1111 4143 vitae
1126 4085 1220 4156 atque
1235 4067 1354 4151 ingenii

272 4195 444 4269 liberioris,
468 4201 501 4256 ut
524 4199 600 4254 tunc
620 4200 764 4269 tempora
788 4185 942 4260 ferebant,
970 4179 1101 4260 scriptis
1123 4172 1307 4242 lacessitus,
1324 4175 1357 4232 01
