3158 4952
658 442 843 514 -361—

204 637 236 698 ct
258 629 431 710 theologie,
445 629 527 711 juris
548 647 586 695 ac
608 629 767 696 medicine
788 627 968 709 respective
990 627 1183 694 licentiatos.
1200 629 1293 704 here,

207 729 285 805 vttt,
303 729 359 793 iol.
377 728 440 792 ΞΗ
455 739 483 792 r⁰
498 737 529 794 et
544 741 588 792 v⁰.

251 877 307 940 llic
327 879 451 952 mortis,
472 879 606 942 secunda
628 879 741 941 mensis
756 876 888 942 octobris
904 875 994 950 teos,
1013 875 1131 940 indicta
1153 884 1203 940 est
1219 891 1295 940 uon·

208 975 351 1057 gregatio
378 976 538 1041 facultatis
565 975 681 1041 artium
710 975 871 1040 ordinaria
898 975 929 1038 in
956 974 1078 1039 scholis
1104 973 1231 1048 artium,
1256 974 1295 1038 ad

210 1075 320 1140 horam
342 1091 460 1138 nonum
482 1083 555 1140 ante
578 1074 796 1140 meridiem...
821 1074 860 1138 ad
884 1073 1055 1156 petendum
1080 1073 1249 1154 legentiam
1265 1081 1298 1138 et

210 1173 386 1254 regentium
406 1191 464 1253 pro
480 1174 627 1254 sequenti
644 1190 784 1238 anno...
802 1173 1003 1238 Venerabilis
1019 1180 1050 1237 et
1065 1172 1219 1253 egregius
1234 1171 1294 1246 vir,

210 1273 360 1338 dominus
376 1280 408 1336 et
431 1273 634 1353 magister...
651 1272 813 1337 lohannes
835 1271 918 1337 Cocx
938 1273 979 1336 de
999 1270 1188 1346 Riethovcn‚
1206 1287 1300 1336 sacre

211 1371 374 1452 theologie
402 1371 604 1446 licentiatus,
636 1371 784 1436 Falconis
814 1387 949 1452 regens,
982 1378 1044 1434 tam
1077 1386 1136 1434 suo
1167 1371 1298 1450 proprio

212 1471 341 1534 nomine
367 1485 462 1550 quam
485 1470 579 1533 etiam
603 1471 731 1534 nomine
755 1470 898 1551 magistri
918 1470 1000 1533 Petri
1016 1469 1138 1534 Moralii
1155 1470 1195 1533 de
1211 1469 1297 1534 Gun-

211 1569 347 1644 dicuria,
376 1568 560 1649 resignavit,
588 1569 626 1632 ad
655 1585 767 1632 manus
793 1567 913 1632 domini
936 1568 1048 1632 decani
1072 1576 1102 1632 et
1126 1569 1294 1641 facultatis,

212 1683 287 1733 suas
304 1667 467 1748 regendas
482 1677 513 1730 et
536 1666 691 1748 legentias
707 1667 897 1748 respective,
915 1676 947 1732 et
964 1667 1053 1747 petiit
1067 1667 1248 1730 continuari
1265 1666 1296 1730 in

212 1767 334 1832 eisdem
349 1781 407 1846 pro
418 1783 455 1831 se
465 1773 497 1831 et
509 1765 579 1830 suis
593 1783 714 1846 pereos
724 1765 957 1831 substituendis
968 1781 1025 1846 pru
1038 1781 1123 1828 anno
1137 1765 1296 1846 sequenti,

211 1865 247 1930 th
262 1865 385 1930 domini
401 1875 593 1938 arruucrunt.
611 1867 702 1940 here,
721 1865 801 1940 Vlll,
820 1865 874 1930 lot.
892 1865 953 1928 aba
969 1876 997 1929 r⁰
1012 1874 1043 1930 et
1060 1877 1105 1928 v⁰.

257 2016 313 2079 Dic
327 2015 412 2090 lunc,
426 2017 593 2078 armensis
608 2015 738 2080 octobris
761 2015 853 2091 teet,
878 2015 995 2078 indicta
1020 2023 1068 2078 est
1090 2014 1298 2096 congregatio

217 2115 374 2180 facultatis
390 2114 654 2190 extraordinaria,
669 2115 707 2177 ad
725 2114 835 2178 horam
854 2130 968 2177 noriam
985 2123 1059 2177 ante
1076 2113 1252 2191 meridiem,
1270 2116 1301 2175 in

218 2213 339 2278 scholis
365 2212 548 2288 artium..,.,
576 2213 614 2276 ad
642 2214 782 2276 dandum
808 2212 1061 2286 commissarios,
1090 2211 1143 2292 qui
1174 2212 1303 2276 audiant

217 2321 402 2394 computum
421 2313 543 2393 antiqui
570 2313 711 2393 regentis
735 2313 893 2388 Falconis,
917 2321 948 2376 et
970 2312 1101 2376 visitent
1124 2312 1301 2392 predictum

216 2413 427 2494 pedagogium
444 2411 603 2487 Falconis,
622 2425 662 2474 an
678 2412 803 2475 scilicet
818 2412 861 2474 sit
876 2411 906 2473 in
924 2429 963 2475 eo
980 2419 1076 2484 statu,
1092 2409 1122 2472 in
1141 2410 1302 2490 quoidam

216 2528 333 2593 regens
351 2511 562 2590 pedagogium
580 2511 758 2590 predictum
776 2509 895 2589 recepit
910 2526 928 2573 a
944 2510 1104 2578 facultate.
1120 2508 1207 2588 juxta
1224 2525 1302 2572 con·

215 2620 351 2676 tractum
367 2619 400 2674 et
416 2609 664 2689 promissionem
678 2609 822 2690 ejusdem
836 2610 977 2690 regentis
989 2624 1062 2673 cum
1078 2609 1188 2672 eadem
1206 2607 1302 2671 lacul-

218 2717 279 2774 tate
295 2709 433 2784 lactum;
458 2718 489 2774 et
505 2716 641 2774 tractent
663 2726 734 2773 cum
761 2709 874 2773 eodem
902 2716 1033 2790 regente
1059 2707 1099 2772 de
1122 2707 1304 2787 premissis

216 2825 288 2874 cum
316 2807 473 2872 relatione
498 2807 536 2870 ad
562 2808 754 2872 facultatem.
781 2811 938 2882 Quantum
963 2809 1002 2872 ad
1026 2807 1112 2870 hunc
1134 2806 1303 2870 articulum

216 2907 325 2973 retulit
353 2905 505 2970 dominus
535 2905 727 2981 licentiatus,
766 2906 919 2986 magister
945 2905 1109 2970 lohannes
1139 2904 1303 2978 Bellenus,

217 3023 300 3072 unus
316 3004 612 3071 commissariorum
630 3005 661 3068 in
675 3005 803 3086 negotio
820 3005 985 3086 pedagogii
1003 3003 1163 3078 Falconis,
1177 3019 1214 3068 se
1230 3019 1303 3067 eum

218 3105 287 3170 suis
302 3105 437 3185 collegis
460 3103 624 3168 invenisse
646 3103 763 3168 dictam
780 3104 910 3168 domum
933 3103 1079 3167 Falconis
1099 3101 1207 3166 multis
1223 3100 1304 3164 indi-

219 3220 295 3285 gere
319 3201 587 3283 reparationibus,
610 3211 704 3282 prout
727 3203 902 3266 testabatur
928 3203 1064 3282 quedam
1090 3199 1221 3264 scedula
1248 3215 1305 3280 per

218 3318 291 3366 eum
315 3301 449 3365 domino
474 3301 597 3366 decano
623 3299 762 3364 exhibita
790 3309 822 3364 et
848 3300 887 3364 ab
913 3301 1026 3365 eudem
1053 3300 1138 3363 dicte
1165 3297 1304 3361 lacultati

219 3402 373 3482 melecta,
390 3399 561 3464 continens
582 3398 725 3480 ejusdem
748 3399 864 3463 domus
887 3398 1044 3464 delectus.
1062 3398 1151 3472 erod
1175 3395 1305 3478 quidem

220 3499 384 3580 negotium
410 3498 545 3562 ulterius
567 3497 689 3562 domini
712 3499 944 3562 commiserunt
969 3496 1108 3562 dominis
1134 3493 1304 3560 licentiatis

220 3598 375 3678 magistro
415 3595 551 3661 lohanni
583 3595 724 3672 Bellene,
752 3596 906 3676 magistro
942 3595 1144 3661 Theoderico
1182 3593 1307 3675 Fyhout

220 3703 251 3759 et
266 3695 421 3776 magistro
442 3694 606 3760 llelohiori
629 3693 786 3776 llyheroy‚
807 3701 861 3758 aut
883 3694 914 3757 in
937 3693 1082 3758 absentia
1097 3691 1221 3774 l'ybout
1238 3706 1304 3753 ma·

221 3793 322 3873 gistro
349 3792 506 3857 wernero
532 3791 793 3873 Noviomagensi,
825 3801 859 3856 ut
892 3792 1037 3856 secundo
1066 3807 1139 3856 cum
1177 3787 1308 3853 domino

221 3902 352 3975 regente
375 3891 522 3956 Falconis
545 3907 719 3956 recessuro
736 3893 872 3956 honeste
894 3891 1086 3956 conveniant
1107 3899 1138 3955 et
1160 3897 1308 3962 tractent,

162 4057 170 4072 ,
222 3992 424 4072 videantque,
441 3990 515 4072 quid
534 3989 565 4054 in
581 3990 667 4055 dicto
684 3990 861 4071 pedagogio
877 3990 1088 4071 reparandum
1102 3988 1155 4064 sit,
1171 3997 1202 4053 et
1216 3986 1309 4068 cuius

223 4088 253 4153 id
281 4089 350 4155 lieri
378 4089 493 4155 debeat
519 4089 686 4169 impensis,
708 4104 756 4152 an
773 4089 923 4154 videlicet
947 4085 1050 4170 ipsius
1070 4087 1242 4160 facultatis,
1268 4101 1308 4150 an

223 4203 300 4252 vero
316 4185 480 4270 regentis3
504 4197 536 4253 et
557 4196 711 4269 quantum
735 4195 767 4253 et
781 4203 955 4280 quousque
978 4187 1037 4252 hec
1052 4201 1106 4251 res
1121 4186 1309 4251 alterutrum
