3236 4952
690 441 875 505 -ttt-

241 621 281 687 ad
297 621 578 687 transmittendum
602 621 734 687 domino
750 630 784 686 et
803 621 956 702 magistro
972 621 1090 688 Victori
1108 623 1153 688 De
1168 624 1325 706 Siingere,

240 721 361 803 pastori
391 721 550 787 ecclesiae
580 721 682 786 sancti
712 722 851 786 Bavonis
880 721 920 786 de
950 721 1113 803 Osbergen
1145 732 1176 788 et
1204 723 1327 791 decano

240 821 397 888 Sluseusi.
416 821 539 885 Bausta.
917 901 922 916 .

697 919 830 974 Arohiues
843 920 877 974 de
890 918 982 985 l’Etat,
999 926 1015 975 d
1029 921 1144 990 Bruges.
1159 921 1291 977 Archives

674 1010 908 1082 ecclesiasiiques
924 1016 1026 1084 paquet
1038 1019 1070 1066 11⁰
1083 1013 1120 1066 77
1132 1013 1237 1084 (7753),
1253 1021 1285 1068 n⁰
1299 1015 1326 1070 d.

286 1238 309 1306 o)
322 1237 435 1290 Emicuit
448 1241 486 1288 du
499 1243 641 1288 testament
654 1239 687 1286 de
704 1235 795 1287 Victor
808 1238 841 1286 de
853 1233 1006 1301 Slinphcre‚
1026 1236 1094 1288 cura
1106 1235 1284 1290 d'oostbnrcb

624 1333 649 1378 et
661 1330 747 1390 daven
762 1330 794 1378 de
808 1314 937 1380 l’Eelusa

534 1468 567 1522 ld
576 1467 641 1539 juin
654 1469 699 1538 (ou
715 1468 806 1537 plutbt
824 1467 855 1520 ld
868 1472 936 1534 mai)
952 1467 1032 1523 1585.

279 1607 399 1672 Deinde
415 1607 588 1672 declaravit
604 1624 640 1670 se
656 1606 809 1670 fundasse
828 1606 909 1670 duas
924 1607 1040 1670 bursas
1063 1607 1095 1670 in
1110 1607 1324 1672 Universitate

239 1705 429 1770 bavariensi
456 1705 488 1768 in
519 1707 656 1786 collegio
682 1705 802 1769 domini
833 1704 950 1768 Ruardi
977 1706 1110 1786 topper,
1139 1705 1325 1772 cancellarii

237 1803 343 1868 dietae
358 1803 582 1868 Universitatis
603 1819 641 1868 ac
656 1803 768 1868 decani
786 1803 888 1867 sancti
907 1803 991 1867 Petri
1008 1803 1151 1884 ejusdem
1175 1804 1325 1880 civitatis,

236 1902 411 1984 quamlibet
433 1902 642 1982 quadraginta
665 1901 859 1966 florenorem
879 1919 996 1980 annue,
1015 1903 1244 1984 bypotbeontas
1268 1918 1326 1982 pru

236 2017 298 2065 una
322 2001 605 2081 medietatesnpra
632 2000 760 2065 civitate
784 2000 1032 2080 antwerpiensi,
1050 2011 1082 2066 et
1104 2003 1203 2067 altera
1227 2015 1324 2081 supra

236 2099 373 2180 rottegio
390 2099 566 2163 sabaudiae
590 2099 652 2162 sito
675 2099 807 2162 indicta
825 2099 1053 2177 Universitate,
1067 2101 1156 2181 Juxta
1181 2110 1324 2165 tenorem

235 2197 415 2263 litterarum
448 2199 590 2278 desuper
618 2197 849 2277 expeditarum,
881 2199 1084 2264 existentium
1115 2201 1146 2264 in
1178 2200 1325 2264 manibus

237 2296 357 2362 domini
375 2296 539 2362 Michaelis
557 2297 597 2360 de
615 2295 690 2376 Bap,
708 2296 851 2360 doctoris
869 2299 1077 2363 lovaniensis
1092 2315 1130 2362 ac
1147 2299 1325 2378 provisoris

237 2393 313 2460 dicti
326 2395 452 2476 collegii
465 2395 586 2460 domini
596 2393 713 2458 Ruardi
727 2395 1006 2476 Tapperomrum
1019 2397 1198 2462 litterarum
1212 2398 1323 2476 copiae

237 2495 438 2558 authenticae
475 2502 549 2558 sunt
580 2509 679 2572 penes
710 2494 897 2575 magistrum
927 2496 1075 2560 Matutam
1104 2497 1323 2572 Lambrecbts‚

235 2592 515 2672 poenitentiarium
546 2607 583 2655 ac
613 2591 802 2656 canonicum
833 2593 992 2658 ecclesiae
1023 2594 1217 2658 cathedralis
1244 2595 1324 2658 Bru-

233 2690 361 2770 gensis3
386 2690 521 2754 adhaec
545 2689 664 2754 emisse
681 2707 717 2754 se
732 2691 844 2755 decem
870 2691 1013 2757 florenos
1036 2709 1173 2768 annuos,
1191 2693 1323 2757 denario

233 2803 306 2850 xrru
331 2788 540 2862 redimibiles,
565 2788 796 2868 bypotbecatos
816 2805 915 2868 super
937 2789 1024 2854 dicto
1046 2791 1184 2872 collegio
1204 2791 1324 2854 Sabau·

234 2884 316 2960 diae,
335 2903 417 2966 quos
441 2903 499 2966 pro
516 2885 640 2966 aequali
665 2885 812 2966 portione
835 2887 889 2952 dat
910 2896 942 2952 et
957 2889 1041 2969 tegat
1063 2890 1096 2952 in
1118 2899 1323 2970 augmentum

233 2985 446 3064 praefatarum
477 2985 663 3058 bursarum
697 3001 822 3048 necnon
852 3002 888 3050 se
917 2987 1069 3052 babuisse
1102 2989 1134 3052 in
1165 2989 1322 3054 reditibus

231 3081 383 3148 vitalibus
404 3083 442 3146 ad
464 3099 555 3147 suam
578 3081 675 3147 vitam
692 3091 814 3147 tantum
831 3101 929 3165 super
944 3085 1071 3152 civitate
1086 3087 1321 3170 antwerpiensi

232 3180 361 3246 circiter
384 3183 514 3264 triginta
537 3181 637 3246 libras
659 3198 848 3262 grossorum
871 3184 1009 3250 diversis
1031 3185 1156 3252 vicibus
1183 3197 1319 3268 emptas,

231 3295 312 3360 quas
336 3280 568 3360 transportavit
590 3280 628 3344 ad
653 3297 746 3344 usum
770 3297 944 3362 pauperum
967 3284 1162 3350 studentium
1187 3286 1320 3351 indicto

231 3379 367 3461 collegio
384 3379 504 3443 domiui
522 3379 642 3443 Ruardi
655 3379 791 3461 Tapper,
807 3391 902 3460 prout
917 3381 1017 3462 liquet
1032 3399 1071 3448 ex
1085 3383 1202 3448 litteris
1217 3393 1321 3448 trans·

229 3483 341 3556 portus
369 3477 581 3542 existentibus
609 3493 707 3558 penes
739 3479 916 3557 praefatum
942 3480 1107 3546 dominum
1133 3481 1319 3548 iiicbadiem

228 3573 268 3639 de
296 3575 372 3656 Bay,
404 3576 594 3652 duotorem;
625 3592 757 3657 quarum
793 3577 906 3658 copiae
943 3579 1147 3645 authenticae
1181 3590 1258 3647 sunt
1287 3581 1319 3643 in

228 3674 376 3738 manibus
392 3674 468 3740 dicti
484 3675 604 3740 domiui
622 3674 758 3739 Mathiae
775 3676 995 3750 Lambrocbts‚
1014 3678 1264 3760 poenitentiarii.

271 3773 450 3839 Declaravit
465 3775 560 3840 etiam
584 3790 712 3839 omnem
728 3775 908 3854 pecuniam,
926 3793 1020 3857 quam
1037 3777 1130 3842 babet
1146 3778 1207 3843 sibi
1229 3795 1317 3843 com·

227 3881 401 3954 petentem,
425 3892 500 3942 esse
530 3875 623 3940 buaoi
648 3875 851 3941 inmanibus
878 3877 1009 3959 praedati
1032 3879 1154 3944 domini
1182 3880 1318 3944 Mathiae

228 3971 448 4048 Lambreebts‚
460 3975 712 4054 poenitentiarii;
727 3991 822 4056 quam
835 3977 923 4057 cupit
935 3987 1008 4056 post
1021 3989 1155 4044 mortem
1169 3997 1226 4061 per
1238 3995 1317 4044 suos

225 4081 417 4138 executores
433 4075 629 4154 pauperibus
645 4073 796 4139 distribui
819 4075 850 4140 in
867 4075 939 4155 pios
957 4093 1048 4152 usus,
1062 4077 1151 4158 juxta
1173 4077 1316 4144 deciara-

224 4169 346 4238 tionem
363 4171 450 4238 dicto
467 4172 704 4253 poenitentiaro
721 4173 848 4238 iactam.
