3284 4956
646 554 689 576 -
714 506 835 591 {83-

188 697 294 770 fucral
312 702 394 771 inter
409 701 547 771 cundem
564 703 844 772 drmeoterianum
859 713 891 773 et
906 703 1077 787 magistros
1091 699 1132 768 de
1147 697 1277 767 incitan-

187 805 242 868 tiis
255 815 286 868 ct
301 804 420 886 placeis
432 805 619 870 corumdem
634 807 960 888 magistrorumsnne
971 804 1111 885 placeret
1123 800 1275 874 dominis,

188 915 223 968 ul
239 914 502 969 convocarentur
518 906 659 987 magistri
676 923 785 971 eoram
801 906 962 986 deputatis
979 905 1012 968 in
1028 903 1082 968 illo
1099 901 1227 984 negotio
1247 909 1278 964 et

187 1001 395 1068 declararent
419 1004 550 1068 modum
572 1004 758 1082 concordie,
777 1013 820 1081 nt,
839 1005 866 1066 si
887 1013 996 1084 postea
1023 1003 1141 1068 orieret
1157 1000 1242 1078 (lisca
1268 1017 1278 1063 :

188 1103 343 1178 oriretur)
359 1103 464 1185 aliqua
481 1101 653 1168 difficultas
675 1103 758 1168 inter
780 1114 944 1186 regentem
960 1101 1030 1167 Lilii
1058 1110 1089 1167 et
1105 1099 1277 1182 magistros

188 1200 360 1270 docentes.
384 1211 416 1266 ut
441 1211 473 1267 et
499 1209 575 1267 tuno
601 1203 735 1267 facultas
761 1207 860 1268 sciret
875 1219 942 1268 rem
965 1210 1088 1284 gestam
1105 1215 1178 1265 esse
1197 1199 1280 1264 inter

189 1301 338 1368 eosdem.
350 1301 388 1368 lit
401 1301 521 1384 placuit
533 1301 581 1368 sic
596 1301 747 1380 dominis,
765 1301 851 1368 etita
867 1301 1026 1368 conclusit
1042 1301 1195 1366 decanus.

231 1486 385 1584 Sequitur
397 1500 552 1566 conclusio
576 1501 767 1567 dominorum
788 1503 914 1568 rectoris
933 1508 961 1566 ot
974 1502 1187 1584 deputolorurn
1205 1496 1280 1562 llol·

189 1603 359 1667 versitatis.
377 1602 455 1677 Quia
480 1601 630 1668 dominns
646 1604 909 1668 Arinenlerianns
925 1604 956 1667 in
978 1606 1040 1666 isto
1064 1599 1175 1665 ultimo
1194 1613 1280 1662 com·

190 1713 269 1782 putu
286 1717 347 1766 suo
373 1701 522 1766 omiserit
544 1717 578 1766 se
601 1703 761 1767 intitulare
782 1703 1026 1783 proprietarium
1048 1700 1165 1765 domus
1182 1695 1278 1778 peda-

189 1801 340 1882 gogialis.
362 1817 456 1881 quem
474 1811 578 1866 tamen
603 1801 726 1865 titulum
749 1803 780 1865 in
805 1801 1052 1883 precedentibus
1073 1794 1279 1879 compotibus
1307 1786 1313 1796 '

190 1899 355 1964 iuvenitur
367 1899 428 1964 sibi
443 1899 666 1981 assumpsisse,
682 1901 803 1964 domini
818 1911 925 1966 rector
939 1910 972 1966 et
985 1899 1279 1981 depntctt,causam

191 1999 279 2064 scire
296 1999 443 2064 volentes
459 1998 641 2080 hujusmodi
664 2001 863 2076 omissionis,
880 2019 919 2066 ex
940 2001 1047 2066 officio
1064 2000 1281 2078 interrogare·

190 2107 267 2161 rurrt
283 2097 449 2161 dominum
473 2099 660 2163 advocatum
687 2099 871 2180 magistrum
887 2099 1081 2165 Anthonium
1099 2097 1140 2162 lc
1155 2096 1280 2176 Piperc,

192 2207 343 2277 nepotem
359 2195 436 2261 dicti
453 2198 688 2261 Armentetiani
705 2207 737 2263 et
751 2198 895 2280 ejusdem
910 2200 942 2263 in
966 2199 1028 2264 hoc
1044 2197 1172 2279 negotio
1188 2195 1282 2260 advo-

191 2308 312 2370 catum,
340 2313 380 2360 an
410 2297 562 2362 dorninus
591 2298 853 2365 drinanlorianus
883 2299 1019 2364 fateatur
1048 2315 1084 2363 se
1115 2313 1177 2361 nort
1207 2309 1309 2360 csse·

191 2395 441 2478 proprietarium
458 2397 543 2460 dicte
558 2396 686 2461 domus.
705 2397 763 2474 Qui
783 2399 824 2464 Le
841 2399 954 2480 Pipere
969 2395 1136 2480 respondit
1151 2412 1187 2461 se
1203 2393 1282 2460 satis

191 2496 232 2559 ab
258 2495 418 2560 avurrcnlo
442 2511 503 2558 suo
526 2497 770 2562 demontorium
790 2515 864 2563 esse
886 2499 1089 2573 instructum,
1108 2495 1193 2578 quod
1218 2511 1282 2558 non

191 2595 330 2660 intendit
353 2611 410 2674 per
439 2595 624 2674 hujusmodi
650 2597 859 2662 omissionem
886 2598 1070 2663 renuntiare
1097 2595 1282 2675 proprietati

191 2695 276 2759 dicte
292 2697 408 2759 domus
426 2695 656 2776 pedagogialis.
672 2695 797 2762 ldcireo
819 2697 971 2762 dominus
994 2707 1100 2761 rector
1115 2712 1188 2759 cum
1204 2711 1282 2759 con-

193 2795 266 2858 silio
281 2793 487 2859 dominorum
512 2794 737 2876 deputatorum
761 2797 920 2862 ordinavit
938 2798 1109 2877 deputatos
1124 2795 1283 2859 facultatis

192 2895 308 2957 artium
323 2909 398 2957 esse
421 2894 649 2958 convocandos
673 2894 711 2958 ad
729 2895 970 2961 deliberandum
986 2912 1084 2975 super
1100 2892 1282 2974 hujusmodl

192 2991 421 3072 responsione,
449 3000 481 3055 et
509 2992 727 3071 deputandum
754 2995 922 3075 syndicum
945 3012 1003 3060 sen
1028 3001 1280 3076 procuratorem,

191 3091 258 3172 oui,
276 3091 408 3154 nomine
424 3089 569 3172 ejusdem
586 3093 744 3158 facultatis
768 3103 799 3158 et
816 3110 990 3174 pauperum
1006 3109 1043 3158 ac
1059 3091 1282 3174 magistrorum

192 3190 277 3254 dicte
293 3189 412 3254 domus
429 3189 658 3271 pedagoglalls
679 3191 875 3272 iudicialiter
886 3209 994 3258 coram
1011 3191 1142 3262 domino
1157 3197 1284 3254 rectore

193 3297 288 3370 petat,
318 3299 354 3354 ut
379 3289 465 3354 idem
494 3291 757 3356 Armenterianus
783 3293 920 3374 abneget
947 3291 1173 3373 proprietatem
1199 3288 1283 3353 dicte

192 3391 307 3453 domus
322 3387 602 3472 pedagogialisac
619 3391 718 3469 partis
734 3391 821 3454 fandi
839 3391 982 3472 ejusdem
996 3391 1111 3454 domus
1123 3388 1284 3452 abstracte

191 3487 368 3568 domuique
395 3503 454 3552 sne
479 3488 581 3551 sancti
612 3489 763 3553 Anthouii
790 3490 951 3570 adjuncto,
980 3504 1136 3569 muroque
1165 3487 1282 3560 cincta,

192 3603 318 3650 necnon
336 3587 454 3650 domus
469 3597 500 3650 et
515 3585 600 3650 horti
616 3587 678 3651 site
693 3587 724 3651 in
743 3587 844 3669 platea
860 3589 1110 3670 flamingorum,
1124 3587 1235 3667 illique
1251 3586 1282 3648 ln

190 3695 385 3766 perpetuum
399 3683 594 3766 judicialiter
609 3687 771 3752 renuntiet
781 3712 790 3763 ;
800 3687 848 3753 vel
862 3689 894 3751 in
910 3699 1071 3760 eventum,
1081 3703 1144 3768 quo
1158 3695 1282 3766 praten-

189 3784 245 3847 dat
260 3801 297 3848 se
314 3785 549 3863 premissorum
566 3801 639 3850 esse
659 3786 836 3862 dominnm,
855 3797 941 3868 petat
956 3787 1039 3852 idem
1055 3786 1208 3868 syndicus
1224 3801 1282 3849 seu

190 3892 387 3962 procurator
412 3883 516 3948 eidem
546 3887 793 3952 armenteriano
822 3887 919 3952 statui
948 3887 1085 3968 aliquem
1113 3884 1282 3950 terminum

190 3981 321 4045 brevem
339 3992 374 4046 et
386 3983 722 4062 competentem‚intra
735 4002 829 4066 qoem
846 3986 956 4050 desua
972 3994 1122 4065 protensa
1138 3982 1283 4064 proprie·

189 4085 254 4143 tatc
269 4080 309 4143 ad
328 4079 488 4162 premissa
504 4081 629 4158 doceat,
644 4099 777 4149 suamve
791 4084 951 4150 actionem
967 4083 1112 4148 instituat
1126 4082 1187 4147 sub
1204 4097 1283 4162 pena

189 4179 338 4260 perpetui
357 4177 476 4244 silentii
489 4181 593 4278 quoad
606 4181 790 4262 nnjnsmodi
808 4182 1160 4264 proprietatemactnm
1173 4197 1282 4246 coram

187 4273 333 4348 dominis
351 4287 478 4346 rectore
492 4289 523 4348 ct
538 4279 698 4368 deputatis
713 4281 936 4352 Universitalis
951 4281 1003 4348 die
1018 4279 1155 4360 sabbati,
1168 4293 1280 4348 octava
