3158 4952
758 421 941 486 ..34ss-

303 605 448 685 exposita
466 605 588 668 tatione
604 603 679 667 dicti
697 604 882 686 pedagogam
902 605 994 686 cujus
1012 605 1179 670 conclusio
1196 607 1392 674 transcribe-

305 713 392 768 retur
408 703 438 765 in
456 704 537 767 libro
555 713 724 782 computus
741 703 911 778 facultatis,
930 713 962 767 ut
980 705 1081 783 possit
1097 705 1137 769 de
1153 714 1219 770 toto
1236 717 1387 786 computu

304 802 461 867 facultatis
486 819 547 866 ttna
571 801 738 866 conclusio
761 801 849 881 capi;
867 812 898 866 et
921 803 1005 868 ltunc
1027 803 1143 868 librum
1159 806 1390 872 commiserunt

305 901 459 980 tnagistro
493 900 656 966 Ludotico
685 901 749 964 Van
779 899 893 965 Germe
926 901 1146 967 scribendum.
1176 904 1280 980 Acri,
1312 905 1388 981 vll,
1446 925 1449 930 ·

305 1001 359 1065 l'ol.
378 999 437 1062 att
454 1013 492 1063 r⁰.

347 1149 402 1212 Die
417 1151 571 1222 mercurii,
588 1151 688 1230 primu
703 1150 816 1211 merois
830 1149 979 1228 februarii
996 1149 1086 1224 1548,
1105 1151 1224 1215 indicta
1242 1153 1300 1216 fuit
1314 1169 1390 1218 con-

301 1251 444 1328 gregatio
463 1249 620 1313 facultatis
637 1247 751 1310 artium
769 1247 799 1309 in
817 1248 938 1311 scholis
954 1248 1083 1323 artium,
1101 1249 1138 1312 ad
1161 1249 1386 1316 inveniendum

302 1350 468 1430 pecuniam
491 1349 528 1410 ad
554 1346 814 1410 satisfaciendum
839 1347 1053 1410 creditoribus
1077 1348 1237 1412 facultatis
1261 1351 1385 1416 ratione

301 1447 466 1529 pedagogii
485 1445 642 1509 Falconis.
658 1445 811 1508 Dominus
827 1445 969 1509 decanus
985 1446 1132 1526 exposuit
1144 1447 1295 1522 dominis,
1309 1465 1381 1530 qun·

301 1550 373 1614 liter
390 1545 569 1628 hujusmodi
589 1543 798 1624 pedagogium
818 1544 883 1626 jam
900 1545 941 1607 sit
958 1545 1132 1624 perfectum
1156 1557 1185 1610 et
1200 1547 1291 1626 quasi
1308 1565 1385 1612 con-

301 1656 533 1726 sumpmatum,
562 1644 619 1707 sed
647 1651 769 1706 restare
796 1643 901 1722 aliqua
928 1644 1033 1708 debita
1066 1646 1296 1723 persoluenda,
1325 1663 1386 1728 que

301 1747 435 1810 facultas
457 1745 495 1806 nd
513 1761 549 1806 se
566 1755 731 1820 concocunt
752 1743 781 1804 in
799 1743 961 1820 emptione
978 1761 1034 1807 seu
1051 1744 1267 1824 acquisitione
1291 1747 1385 1824 peda-

299 1845 384 1926 gogii
411 1860 428 1907 a
456 1842 608 1924 magistro
635 1841 803 1906 Guilielmo
831 1843 1017 1918 literaerts,
1048 1842 1192 1923 ciusdem
1221 1843 1386 1926 pedagogii

300 1943 485 2014 venditore;
509 1958 572 2023 que
594 1939 699 2004 uetita
723 1940 829 2002 statim
853 1941 933 2003 solvi
957 1950 1084 2020 oportet
1112 1951 1242 2021 propter
1264 1943 1384 2006 instan-

300 2042 375 2104 tiam
398 2049 429 2105 et
445 2040 609 2104 molestias
634 2039 840 2112 creditorum,
859 2039 912 2119 oui
930 2039 1024 2103 ctiam
1047 2039 1100 2103 diu
1117 2041 1311 2104 solutionem
1330 2057 1382 2105 er·

301 2147 524 2220 pectaveruut3
549 2148 580 2202 et
596 2138 644 2201 sic
660 2153 742 2215 opus
758 2154 831 2201 esse
854 2137 999 2202 inuenire
1016 2139 1182 2217 pecuniam
1199 2139 1236 2201 ad
1257 2140 1384 2204 solven-

299 2241 374 2303 tium
397 2237 579 2319 hujusmodi
602 2236 721 2308 debita,
746 2236 814 2300 sive
837 2253 894 2314 per
917 2245 1074 2310 mutuum,
1099 2237 1167 2301 sive
1193 2237 1253 2300 suli
1280 2254 1385 2303 annuo

301 2337 438 2408 redditu.
459 2336 592 2399 inaximo
613 2343 746 2407 attento,
764 2336 847 2414 quod
874 2334 1051 2398 creditores
1074 2335 1194 2399 diutius
1217 2349 1385 2416 expectare

301 2437 424 2510 nolunt,
442 2446 473 2499 et
489 2435 572 2516 quod
597 2434 691 2497 ctiam
708 2435 791 2512 apud
817 2433 998 2498 facultatem
1022 2444 1076 2497 aut
1092 2433 1161 2514 ejus
1186 2446 1384 2516 receptorem

301 2553 362 2598 non
380 2535 444 2599 sint
461 2533 612 2614 pecunie;
639 2549 740 2613 neque
758 2532 903 2612 pecunie,
924 2550 986 2612 que
1001 2549 1039 2596 ex
1056 2533 1159 2597 futura
1183 2535 1385 2614 promotione

298 2643 517 2714 expectantur,
541 2631 613 2695 istis
636 2638 668 2694 et
689 2629 761 2693 aliis
783 2629 938 2694 oneribus
959 2631 1117 2694 facultatis
1139 2631 1289 2697 sufficere
1312 2649 1384 2714 pos-

298 2742 382 2795 sent.
398 2729 687 2795 [lelilterationibus
703 2729 906 2792 dominorum
923 2729 1043 2792 domini
1063 2729 1122 2793 ltoc
1140 2731 1302 2810 nogotium
1315 2749 1382 2812 per-

297 2831 454 2910 agendum
471 2829 702 2893 commiserunt
714 2827 854 2890 dominis
867 2827 989 2892 decano
1002 2839 1032 2892 et
1046 2829 1206 2908 deputatis
1224 2830 1382 2895 facultatis

296 2945 369 2992 oum
388 2929 509 3010 aliquot
532 2926 716 2992 senioribus
733 2925 890 2989 facultatis
914 2943 971 3006 per
985 2927 1141 2990 decanum
1165 2928 1381 3006 assumendis,

298 3027 403 3091 dando
425 3028 473 3090 eis
497 3027 669 3107 plenariam
694 3033 881 3105 potestatem
905 3025 943 3086 ad
967 3024 1228 3088 satisfaciendum
1245 3027 1383 3091 credito-

297 3126 386 3190 ribus
408 3126 551 3207 ejusdcrn
569 3124 727 3188 facultatis
750 3123 818 3186 sive
835 3140 890 3202 per
907 3124 987 3185 triam
1011 3123 1188 3188 attnicabilis
1208 3127 1305 3189 mutui
1329 3137 1382 3190 aut

295 3226 355 3287 sub
371 3241 478 3288 attituo
495 3224 632 3298 redditu,
650 3240 706 3286 seu
725 3223 803 3284 alias
828 3224 914 3300 leges
931 3238 1046 3302 operas
1064 3225 1227 3302 prestandi
1250 3234 1281 3287 et
1298 3225 1379 3288 bona

297 3322 465 3394 facultatis,
483 3323 508 3384 si
526 3339 607 3402 opus
629 3321 700 3396 erit,
718 3319 893 3396 obligandi,
910 3337 947 3382 ac
963 3321 1069 3384 omnia
1092 3335 1123 3384 et
1146 3323 1271 3402 singula
1294 3325 1379 3387 circa

296 3422 452 3498 premissa
480 3421 662 3488 necessaria
691 3419 819 3483 contine
847 3419 1004 3482 facultatis
1033 3421 1185 3495 faciendi,
1215 3433 1308 3500 prout
1333 3423 1380 3487 cis

294 3521 333 3582 ad
364 3520 518 3584 honorem
549 3530 581 3584 et
614 3521 815 3583 commodum
844 3519 1003 3582 facultatis
1029 3520 1187 3583 ridebitur
1216 3523 1377 3601 cariedire.

295 3621 383 3695 dora,
398 3619 466 3694 vll,
484 3619 538 3684 fol.
557 3619 616 3682 288
634 3629 661 3680 r⁰
677 3627 709 3682 ct
725 3629 766 3680 tu.

334 3767 391 3830 life
404 3766 534 3841 subdoli,
550 3768 626 3846 coiri
647 3768 760 3828 metaris
782 3765 929 3844 l'alrrnnrii
946 3766 1036 3839 1548,
1056 3767 1133 3832 liora
1156 3767 1280 3833 decima
1303 3780 1376 3833 ante

294 3865 457 3930 meridiem
481 3864 647 3930 convocati
675 3879 731 3944 per
753 3879 803 3928 me
825 3877 1073 3945 comparuerunt
1100 3867 1130 3928 in
1158 3883 1253 3947 parva
1281 3868 1375 3932 rubea

292 3980 417 4028 camera
442 3965 556 4028 domus
583 3964 743 4028 facultatis
768 3963 909 4042 deputati
936 3965 1088 4028 ordinarii
1116 3981 1188 4029 cum
1217 3967 1376 4048 magistris

295 4063 435 4128 arnoldo
447 4063 512 4126 Van
529 4065 586 4128 dcr
603 4061 827 4135 llnlvermilen,
840 4061 1006 4128 'lilmanuo
1022 4063 1134 4128 Clerici
1151 4075 1183 4130 et
1198 4063 1374 4130 Tlrendrico

294 4159 452 4237 folmarus,
467 4162 601 4242 syndico
618 4161 793 4236 facultatis;
811 4175 919 4224 coram
936 4163 1052 4243 quibus
1068 4163 1217 4227 dominus
1233 4165 1373 4230 decanus
