3186 4942
744 399 928 463 -318-

287 580 500 646 moderatoris
526 581 732 662 acragantis
759 581 894 661 imperio
923 599 1047 647 summa
1070 582 1241 648 sedulitate
1267 583 1373 648 studia

285 679 339 746 hic
353 681 535 745 coluerunt.

325 780 464 844 Tandem
480 797 565 845 anno
581 779 673 852 ldl'l,
687 779 740 844 die
756 780 795 842 lb
811 779 896 855 mali,
911 781 1105 846 authoritate
1120 781 1370 847 constitutorum

283 881 322 943 ab
346 879 523 958 apostoliea
545 879 623 943 sede
643 878 801 959 iudicum,
818 879 872 959 qui
892 879 1020 961 Georgii
1036 880 1233 961 Bourgensis
1256 880 1372 944 volun-

281 985 378 1043 tatem
402 986 649 1052 eommutarunt,
666 977 792 1042 vendita
816 993 852 1042 ea
875 978 990 1042 domos
1013 987 1064 1044 est
1080 979 1129 1056 (ll,
1146 988 1178 1043 et
1199 978 1372 1060 collegium

281 1077 314 1140 in
342 1093 456 1142 noram
481 1077 624 1150 domum,
646 1093 740 1158 quam
763 1077 1013 1143 aedificaverunt
1036 1078 1223 1158 superiores
1246 1077 1371 1143 ordinis

281 1176 479 1240 carmelitani
507 1175 546 1238 ad
573 1175 666 1240 divae
688 1173 879 1239 Gathariuae
904 1175 1071 1248 sacellum,
1090 1177 1279 1240 translatum
1306 1184 1368 1241 est.

281 1274 368 1349 Quae
382 1275 512 1356 quidem
528 1274 602 1338 novi
619 1274 747 1356 collegii
761 1273 942 1339 aedilicatio
959 1284 990 1338 et
1004 1275 1043 1338 ad
1060 1275 1137 1339 illud
1156 1275 1370 1339 1111111111-

281 1373 450 1438 melitanae
466 1373 632 1438 translatio
649 1372 821 1454 praedictis
837 1389 921 1436 anno
944 1381 975 1437 et
995 1373 1046 1438 die
1069 1373 1151 1437 lacta
1174 1381 1261 1447 sunt,
1280 1373 1370 1437 uhac

281 1472 395 1537 »inter
417 1472 496 1537 alias
521 1472 707 1538 conditione
732 1472 845 1553 (iuquit
867 1471 1013 1536 Valerius
1042 1472 1187 1537 Andreas
1209 1472 1242 1535 in
1265 1473 1370 1536 Fortia

283 1573 509 1650 »academicis
534 1573 567 1635 h*
581 1573 647 1647 ed,
665 1589 697 1652 p.
721 1571 803 1650 331),
821 1579 853 1636 11
877 1588 941 1635 non
964 1571 1056 1636 aliter
1080 1580 1134 1635 aut
1156 1571 1219 1635 alio
1243 1571 1365 1636 modo:

283 1693 296 1730 a
314 1671 347 1734 in
365 1670 489 1751 primis,
503 1671 589 1752 quod
604 1671 720 1734 domus
736 1685 793 1734 seu
810 1669 1040 1734 monasterium
1052 1669 1093 1734 dc
1106 1687 1189 1734 novo
1205 1676 1368 1734 exstructa

281 1769 364 1834 »vel
386 1778 566 1834 extructum
589 1768 752 1849 perpetuis
778 1769 895 1833 tutoris
920 1768 1119 1849 temporibus
1146 1768 1368 1850 principaliter

284 1891 298 1928 u
316 1868 440 1933 servire
456 1868 570 1933 debeat
586 1885 644 1948 pro
660 1867 864 1933 studentibus
881 1867 1033 1948 praedicti
1049 1868 1191 1944 ordinis;
1211 1877 1265 1932 aut
1280 1867 1366 1949 quod

273 1967 299 2026 'u
315 1967 396 2031 alias
407 1966 606 2032 Universitas
623 1967 740 2047 poterit
754 1967 897 2031 eamdem
914 1967 1044 2030 domum
1061 1984 1117 2031 seu
1135 1967 1366 2031 monasterium

284 2066 354 2129 aad
383 2081 475 2129 usum
502 2065 681 2129 studiorum
709 2074 740 2128 et
762 2081 821 2146 pro
847 2065 1050 2130 studentibus
1076 2067 1107 2128 in
1137 2065 1223 2130 dieto
1252 2065 1368 2130 ordine

284 2163 480 2229 »vindicare
505 2173 548 2238 et,
574 2181 612 2229 ne
638 2163 676 2228 ad
703 2163 785 2228 alios
815 2181 894 2228 usus
919 2163 1099 2245 applicetur
1120 2173 1152 2230 et
1177 2165 1365 2236 divertatur,

282 2263 420 2328 »valide
443 2263 615 2344 prohibere
641 2274 672 2327 et
693 2263 866 2343 impedire;
891 2263 1019 2338 deinde,
1036 2264 1121 2344 quod
1146 2279 1227 2328 nova
1250 2263 1370 2328 domus

285 2387 298 2423 u
317 2379 374 2428 seu
391 2363 633 2437 monasterium,
652 2379 829 2442 omnesque
847 2362 990 2443 religiosi
1006 2363 1038 2426 in
1061 2380 1098 2428 ea
1114 2372 1362 2439 commorantes

284 2462 565 2540 »incorporentur
587 2477 643 2524 seu
667 2460 819 2525 uniantur
834 2459 1038 2525 Universitati
1056 2461 1170 2526 iisdem
1194 2461 1318 2544 legibus
1334 2469 1366 2526 et

283 2583 297 2622 a
314 2559 566 2634 conditionibus
581 2559 698 2640 quihus
714 2559 866 2640 pleraque
881 2559 941 2623 alia
958 2561 1152 2626 monasteria
1168 2561 1273 2626 eidem
1289 2569 1367 2626 sunt

283 2682 296 2718 r
315 2659 415 2724 uuita.
435 2680 452 2716 u

321 2758 356 2821 ln
372 2757 434 2822 hoc
455 2757 593 2838 collegio
617 2772 679 2819 uua
695 2756 930 2837 philosophiae,
948 2757 1129 2839 theologiae
1150 2757 1367 2823 scholasticae

280 2855 386 2931 binae,
400 2868 432 2920 et
448 2871 510 2920 una
523 2855 706 2937 scripturae
722 2871 833 2920 sacrae
847 2856 1081 2936 praelectiones
1094 2867 1202 2934 erant;
1219 2873 1257 2921 ac
1268 2857 1365 2921 simul

280 2955 424 3036 religiosi
449 2955 489 3018 ad
517 2955 644 3034 publica
669 2955 860 3020 Academiae
885 2955 1045 3021 auditoria
1073 2956 1290 3020 mittebantur.
1318 2955 1365 3020 lta

279 3052 386 3126 tiebat,
415 3059 449 3116 nt
478 3053 605 3132 publice
634 3053 797 3118 discerent
823 3061 853 3117 et
883 3053 1041 3134 privatim.
1071 3054 1237 3119 solemnes
1267 3053 1364 3118 etiam

278 3149 377 3216 certis
390 3167 447 3232 per
462 3167 579 3215 annum
593 3151 708 3215 diebus
723 3150 960 3232 disputationes
975 3151 1195 3226 instituebant,
1209 3159 1240 3216 et
1254 3152 1366 3218 theses

279 3266 335 3314 seu
353 3250 591 3330 propositiones
615 3250 741 3330 publice
757 3249 1011 3332 propugnabant,
1029 3267 1150 3332 eaeque
1173 3266 1286 3332 magna
1302 3252 1363 3316 ire-

278 3349 408 3430 quentia
423 3350 591 3413 doctorum
608 3358 639 3412 et
655 3349 857 3414 academicae
869 3349 1048 3430 juventutis
1063 3349 1320 3414 celebrabantur.

321 3447 355 3510 ln
375 3448 438 3512 lroc
459 3447 609 3530 collegio,
627 3464 710 3512 anno
734 3447 825 3520 1631,
845 3449 1031 3513 reformatio
1054 3449 1228 3514 strictioris
1250 3448 1364 3515 obser·

279 3546 404 3612 santiae
419 3547 601 3611 introducta
617 3556 678 3611 est.

319 3711 420 3792 Supra
437 3721 647 3778 memoratum
671 3721 800 3778 sanetae
816 3712 1004 3778 catharinae
1026 3713 1179 3778 sacellum
1196 3713 1362 3778 fundatum

278 3821 328 3875 est
342 3827 426 3876 anno
442 3811 523 3875 1316
540 3828 596 3891 per
611 3811 786 3876 Walterum
803 3811 870 3875 Van
885 3811 943 3877 der
954 3811 1092 3892 sychen,
1106 3811 1288 3877 curriticem
1304 3829 1363 3878 seu

311 4045 347 4119 ll)
367 4047 442 4100 Haec
461 4047 568 4108 domus,
583 4063 601 4099 a
614 4043 770 4099 Carmelitis
790 4044 932 4114 derelicta,
947 4049 1013 4098 tunc
1026 4043 1108 4100 cessit
1127 4043 1248 4113 collegio:
1258 4044 1364 4099 ordinis

275 4137 406 4192 teutonici
433 4137 502 4191 Vide
514 4154 610 4207 supra,
626 4137 674 4202 lll,
688 4155 716 4208 p.
731 4136 795 4192 488.
