3236 4952
716 450 913 514 Ἣ453--

302 633 381 697 ltem
404 629 689 712 quipraescriptis
710 630 969 697 ordinationibus
992 631 1025 696 in
1047 632 1154 714 aliquo
1177 641 1351 700 contrave-¹

260 733 356 807 uerit,
373 740 428 796 aut
453 731 545 795 aliter
561 729 757 810 praesidenti
780 730 969 797 inobediens
993 732 1097 810 luerit,
1115 732 1204 814 juxta
1228 735 1347 817 praesi-

259 831 366 898 dentis
381 831 609 895 discretionem
632 836 664 894 et
678 830 788 896 delicti
805 829 996 912 exigentiam
1012 831 1174 911 punietur.
1191 832 1251 908 Qui
1268 850 1349 900 vero

261 931 393 1014 punitus
405 923 517 995 oont'ra
531 929 765 1010 praesidentem
779 931 1038 1005 murmuraverit,
1048 939 1101 996 aut
1113 949 1186 996 eum
1200 933 1348 999 molestia

261 1030 416 1109 allecerir,
432 1029 482 1096 rel
507 1045 627 1110 poenae
650 1028 711 1093 sibi
728 1027 897 1110 impositae
919 1029 1002 1093 intra
1018 1039 1093 1095 octo
1116 1031 1186 1096 dies
1203 1032 1350 1112 proxime

261 1138 434 1212 sequentes
458 1129 542 1194 ultro
566 1144 629 1193 non
652 1127 856 1204 satisfecerit,
873 1129 972 1210 duplo
996 1129 1107 1211 majori
1132 1147 1253 1212 poenae
1275 1133 1351 1214 ipso

261 1229 344 1295 lacto
370 1228 530 1294 obnoxius
557 1227 628 1292 erit.
656 1227 694 1291 Et
719 1227 794 1292 dum
822 1244 945 1307 poenae
970 1237 1046 1294 sunt
1071 1231 1288 1310 pecuniariae,
1316 1233 1345 1296 si

259 1327 441 1394 ordinariae
453 1327 571 1392 luerint
586 1335 618 1392 et
629 1327 710 1391 intra
726 1335 864 1408 quatuor
878 1329 1029 1403 stuleros,
1044 1329 1290 1410 applicabuntur
1304 1331 1345 1395 ad

259 1435 444 1509 computum
470 1426 533 1491 diei
560 1424 724 1501 sabbathi;
753 1425 873 1507 alioqui
898 1443 954 1507 per
982 1427 1216 1507 praesidentem
1240 1446 1348 1498 reser-

261 1526 420 1591 vabuntur
434 1527 474 1590 ad
489 1541 693 1590 communem
710 1523 879 1590 utilitatem
895 1525 1035 1607 collegii.

302 1707 480 1782 Caeterum,
514 1713 547 1771 ut
576 1723 671 1771 nemo
700 1705 880 1786 ignorantia
909 1713 1100 1770 statutorum
1130 1707 1265 1786 labatur,
1294 1720 1348 1775 aut

261 1822 331 1871 eam
353 1806 423 1871 suis
445 1804 757 1887 transgressionibus
779 1805 883 1870 valeat
904 1814 1101 1885 praetexere,
1121 1808 1268 1873 volumus
1291 1827 1348 1875 eas

260 1905 482 1973 ordinationes
504 1904 641 1985 singulis
656 1903 749 1968 annis
773 1919 829 1984 per
852 1903 1099 1984 praesidentem,
1117 1916 1171 1970 aut
1192 1907 1290 1972 alium
1306 1909 1349 1973 ab

260 2019 298 2068 eo
320 2003 547 2078 ordinandum,
564 2009 675 2084 quater
701 2001 734 2064 in
750 2000 877 2081 publica
895 2019 1004 2067 mensa
1028 2005 1179 2086 praelegi,
1197 2005 1346 2071 videlicet

260 2103 292 2166 in
308 2103 409 2184 prima
432 2102 631 2168 bebdomada
654 2101 930 2183 quadragesimae,
948 2109 980 2166 et
1002 2103 1033 2166 iu
1053 2102 1186 2184 iejuniis
1208 2113 1346 2186 quatuor

260 2209 438 2284 temporum
464 2202 661 2268 uenientium
687 2209 762 2283 pust
788 2201 868 2266 testa
895 2201 1114 2279 pentecostes,
1138 2203 1348 2271 Exaltationis

260 2311 390 2370 sanctae
406 2303 518 2368 Crucis
533 2311 565 2367 et
581 2301 709 2378 luciae,
727 2300 862 2382 virginis
878 2309 909 2365 et
927 2302 1086 2383 martyris.

301 2485 505 2566 Relinquitur
524 2483 733 2549 nihilomiuus
748 2483 969 2549 visitatoribus
991 2493 1023 2551 et
1040 2487 1234 2566 praesidenti
1248 2487 1345 2554 simul

259 2583 536 2650 consentientibus
553 2583 687 2648 facultas
710 2583 867 2648 alterandi
890 2591 1020 2658 statuta,
1037 2585 1174 2650 addendi
1198 2597 1230 2650 et
1252 2587 1346 2651 dimi-

260 2685 391 2759 nuendi,
408 2683 618 2748 subexlstemi
646 2682 778 2747 notabili
803 2684 997 2748 necessitate
1019 2693 1073 2749 aut
1088 2703 1184 2750 causa
1209 2687 1342 2752 multum

258 2786 356 2848 ardua
373 2791 404 2848 et
423 2791 629 2864 praegnante,
650 2781 739 2862 juxta
762 2781 944 2863 qualitatem
967 2793 998 2848 et
1020 2784 1238 2850 varietatetem
1264 2793 1343 2851 tem·

259 2900 385 2964 porum,
403 2893 434 2947 et
449 2882 543 2947 etiarn
560 2882 640 2963 ipsis
656 2881 760 2946 tribus
776 2881 951 2963 praedictis
969 2883 1008 2946 ad
1025 2883 1209 2965 hujusmodi
1226 2886 1344 2951 altera-

258 2983 389 3058 tionem,
407 2982 603 3047 additionem
619 2989 673 3048 θυι
689 2981 945 3058 diminutionem,
964 2984 1255 3050 consentientibus.

300 3179 509 3245 convictores
521 3180 558 3259 (l)
572 3188 667 3245 erunt
683 3180 819 3262 subjecti
833 3180 1041 3263 praescriptis
1057 3183 1197 3255 statutis,
1212 3190 1244 3248 et
1258 3183 1347 3248 ordi-

260 3280 443 3345 nationibus
459 3279 521 3344 sub
545 3297 647 3360 poena
662 3280 863 3360 expulsionis
885 3295 902 3344 a
918 3281 1067 3362 collegio,
1087 3281 1346 3364 tenebunturque

259 3379 393 3446 obedire
410 3379 614 3460 praesidenti,
633 3379 765 3461 perinde
780 3396 817 3444 ac
833 3379 860 3444 si
881 3379 984 3445 lorent
999 3381 1150 3446 bursarii.

300 3529 352 3594 Sic
367 3528 512 3594 ordinavi
529 3537 561 3594 et
577 3529 768 3611 subscripsi,
788 3529 954 3596 undecima
967 3529 1048 3611 iunii
1064 3531 1137 3594 anni
1153 3532 1266 3608 [ldllss.

1028 3696 1118 3763 ldrcrr.
1137 3716 1174 3760 ua
1191 3699 1261 3761 Bar.

269 3959 274 3970 ,
296 3907 335 3980 (l)
355 3910 407 3964 Las
419 3909 700 3994 conuictorcsetaient
713 3913 753 3967 les
766 3912 905 3969 eludiants
918 3913 966 3986 qui
980 3930 1014 3968 ne
1023 3912 1189 3984 J'ouissaient
1203 3931 1251 3984 pas
1265 3913 1346 3966 d'une

259 4003 368 4066 bourse,
385 4003 454 4058 mais
468 4003 597 4077 payaient
611 4005 671 4058 leur
685 4005 769 4062 table.
