3248 4954
746 347 930 410 -ttta-

294 528 430 594 debeant
451 545 580 594 manere
601 529 742 596 extranei
765 538 795 592 et
811 527 943 592 visitare
966 527 1208 610 paedagogium,
1227 528 1269 592 ita
1292 528 1376 609 quod

294 625 475 708 huiusmodi
503 626 646 691 fundatio
670 643 733 692 non
760 626 905 692 trabatur
927 626 966 689 ad
991 625 1119 706 aliquod
1146 625 1378 708 paedagogium
1405 653 1406 656 ¹

294 735 348 790 aut
363 725 590 806 incorporetur
604 725 719 790 eidem.

335 824 414 890 item
438 841 496 904 pro
519 824 680 890 directore
706 833 828 904 septem
855 823 1014 888 dictorum
1040 822 1217 887 dorsalium
1244 833 1380 887 testator

293 922 480 1004 praedictus
509 923 679 998 ordinavit,
711 923 797 1004 qnod
834 922 950 1004 aliquis
986 922 1139 1003 magister
1174 922 1290 985 artium
1320 937 1378 986 seu

294 1022 449 1086 sacerdos
473 1021 626 1087 honestae
648 1021 743 1096 ritae,
761 1038 825 1085 non
852 1020 1115 1096 correubinarius
1133 1020 1247 1084 habeat
1269 1035 1378 1084 curam

296 1135 408 1185 eorum
424 1120 618 1195 bursalium;
641 1129 673 1185 et
689 1135 747 1200 pro
763 1120 833 1184 suis
853 1119 1021 1184 laboribus
1037 1119 1177 1184 similem
1198 1118 1378 1198 portionem

296 1218 463 1299 percipiat.

336 1316 438 1397 Huius
453 1327 558 1382 autem
576 1319 757 1382 testamenti
774 1335 831 1383 seu
846 1317 976 1383 ultimae
987 1317 1161 1382 voluntatis
1174 1315 1381 1396 saepedictus

295 1423 430 1480 testator
446 1415 554 1496 elegit,
569 1416 745 1480 nominavit
762 1427 793 1481 et
809 1416 993 1498 specialiter
1009 1416 1173 1496 deputavit
1188 1422 1379 1480 executores

293 1530 352 1579 seu
383 1513 593 1580 manustdeles
622 1515 759 1581 dilectos
795 1515 855 1580 sibi
890 1514 1104 1582 venerabilem
1139 1531 1177 1580 ac
1213 1512 1378 1594 egregium

292 1612 396 1678 uirum
410 1613 574 1678 dominum
589 1630 627 1678 ac
639 1614 825 1696 magistrum
843 1624 986 1678 nostrum
1004 1611 1190 1694 magistrum
1202 1611 1377 1676 adrianum

294 1711 446 1777 Florentii
470 1713 510 1777 de
535 1712 694 1793 Treiecto,
715 1713 831 1778 artium
858 1722 890 1778 et
915 1729 1027 1777 sacrae
1051 1712 1234 1794 theologiae
1257 1711 1379 1791 proles-

294 1827 401 1876 sorem
425 1811 590 1888 eximium,
610 1813 642 1876 iu
665 1814 802 1878 ecclesia
829 1813 931 1878 sancti
955 1813 1040 1877 Petri
1063 1813 1231 1886 decanum,
1253 1824 1378 1875 necnon

293 1911 396 1974 almae
411 1909 636 1976 Universitatis
663 1912 759 1976 studii
779 1911 988 1976 lovaniensis
1012 1911 1241 1977 cancellarium
1264 1919 1296 1974 et
1311 1927 1380 1975 rec·

293 2021 396 2075 torem
420 2010 657 2091 dignissimum,
682 2027 719 2074 ac
743 2011 949 2076 honorabiles
973 2011 1123 2075 dominos
1144 2011 1298 2075 loannem
1322 2008 1380 2072 Ca·

297 2109 455 2198 lentynet
470 2108 600 2174 Petrum
623 2111 687 2174 Van
705 2109 762 2174 der
777 2109 884 2174 Beken
908 2109 1144 2190 praescriptus;
1167 2107 1381 2188 relinquendo

297 2207 430 2273 cuilibet
468 2209 704 2290 praedictorum
742 2221 859 2274 lassam
898 2217 1079 2291 argenteam
1121 2209 1274 2290 ponderis
1307 2215 1381 2273 octo

294 2308 461 2372 unciarum
478 2317 532 2373 aut
547 2308 686 2374 circiter.

334 2407 413 2473 heta
443 2407 571 2472 luerunt
601 2409 680 2474 baeu
713 2408 846 2472 bovanii
873 2412 966 2482 tartrto
1003 2407 1091 2483 lllllll,
1120 2406 1294 2471 indictione
1322 2405 1380 2487 iij·‚

294 2507 415 2570 mensis
439 2506 623 2572 decembris
645 2507 697 2572 die
721 2507 784 2584 13¹,
802 2508 880 2572 bora
904 2515 1015 2588 quarta
1040 2516 1112 2587 post
1136 2505 1324 2584 meridiem),
1348 2505 1380 2567 in

294 2606 391 2670 domo
414 2605 620 2671 habitationis
643 2607 820 2687 supradicti
843 2606 963 2670 domini
989 2605 1165 2681 testatoris,
1194 2604 1225 2668 in
1253 2619 1380 2669 camera

294 2703 433 2769 convivii
457 2704 613 2786 ejusdcm.
638 2705 847 2788 Subscriptum
866 2729 872 2767 :
891 2705 929 2768 dt
950 2720 1010 2785 ego
1031 2705 1180 2769 Nrcotnus
1198 2721 1236 2766 ne
1251 2703 1378 2777 Caussa,

294 2802 434 2867 clericus
451 2803 692 2868 cameracensis
713 2803 886 2878 dioecesis,
905 2802 1054 2883 publicus
1070 2819 1160 2868 saera
1176 2813 1208 2868 et
1223 2801 1382 2882 imperiali

300 2901 544 2968 auetoritatibus
561 2903 718 2979 notarius,
736 2912 798 2969 etc.

370 3118 396 3184 b)
416 3119 530 3171 Eminuit
542 3124 579 3172 du
594 3120 717 3190 Rappold
730 3137 777 3173 sur
791 3121 818 3174 la
832 3120 964 3174 situation
979 3120 1026 3174 des
1039 3119 1159 3188 colleges
1173 3133 1206 3171 en
1224 3115 1304 3172 1589.

338 3272 463 3338 Abhinc
485 3273 658 3354 nonaginta
682 3275 749 3340 fere
771 3275 864 3338 annis
888 3274 1037 3338 dominus
1052 3273 1218 3338 Arnoldus
1233 3272 1309 3336 Trot
1326 3286 1385 3352 pro

297 3371 502 3452 praesidente
524 3373 693 3438 sacerdote
716 3384 747 3438 et
762 3381 885 3453 septem
909 3371 1103 3452 pauperibus
1125 3370 1328 3436 studentibus
1352 3369 1385 3432 in

295 3469 445 3536 facultate
461 3473 576 3537 artium
592 3473 654 3552 (qui
672 3473 777 3537 solent
793 3471 1024 3553 paedagogium
1041 3470 1133 3535 Porci
1149 3470 1288 3535 vicinum
1304 3468 1384 3533 risi-

295 3572 373 3647 tare)
396 3570 525 3649 reliquit
553 3586 644 3634 suam
668 3571 798 3635 donnum
821 3571 913 3635 sitam
937 3569 1019 3649 apud
1044 3585 1192 3650 magnum
1219 3569 1322 3633 lorum
1346 3569 1385 3645 (ll

298 3667 440 3739 boranii,
460 3677 492 3732 et
507 3668 540 3730 in
555 3668 694 3734 diversis
710 3670 817 3751 parvis
838 3669 1008 3742 reditibus,
1023 3668 1194 3748 praecipue
1210 3670 1241 3730 in
1258 3667 1386 3732 civitate

297 3765 531 3841 Mechlinieush
559 3767 689 3834 circiter
720 3770 890 3849 nonaginta
921 3767 1062 3832 florenos
1091 3783 1235 3840 animum
1266 3766 1385 3846 ouibus

335 3997 374 4068 (l)
395 3998 447 4051 Les
460 4003 531 4052 mols
543 4017 678 4066 maguum
690 4007 786 4066 sorum
799 3999 942 4070 indiquenl
960 3997 995 4053 ici
1009 4015 1065 4052 non
1080 4015 1129 4068 pas
1147 3999 1173 4050 la
1197 3997 1386 4062 Grund'pluce

298 4087 368 4141 meis
381 4088 407 4143 le
426 4087 651 4147 Vicum-Marche‘.
