3130 4956
636 466 821 530 -lsd-

192 643 336 708 Facultas
353 645 432 724 petit
446 661 464 709 a
481 645 612 712 domino
633 647 765 713 doctore
789 647 940 728 magistro
962 647 1083 714 loanne
1099 647 1214 714 lleems
1229 647 1270 712 ab

191 745 411 818 Armenterea,
429 744 513 824 quod
531 744 679 826 dignetur
693 745 772 810 illud
786 745 838 826 jns
854 745 985 810 dominii
1001 753 1033 812 et
1052 744 1267 826 proprietatis,

192 841 253 906 tale
266 842 363 922 quale
379 843 450 922 ipse
473 843 664 908 hebetatae
682 844 799 910 babere
814 855 902 924 putat
918 844 949 908 in
965 843 1112 908 domibus
1129 843 1267 924 pedago-

190 939 328 1021 gialibus
344 941 426 1016 Lilii,
444 951 476 1006 et
491 942 531 1006 de
546 941 661 1023 quibus
678 942 712 1007 lit
729 943 845 1008 mentio
857 947 889 1005 in
902 951 1092 1008 testamento
1108 942 1269 1023 quondam

191 1039 334 1120 magistri
363 1039 467 1104 Caroli
483 1040 581 1104 Viruli
607 1058 623 1104 a
650 1058 686 1106 se
710 1041 869 1117 abdicare,
896 1041 1005 1122 illique
1032 1041 1215 1106 renuntiare
1237 1041 1270 1104 in

190 1139 334 1206 latorem
357 1155 532 1220 pauperum
556 1147 618 1203 tarn
642 1141 867 1220 magistrorum
882 1157 976 1222 quam
992 1141 1186 1208 scholarium
1201 1149 1270 1206 stu—

190 1239 347 1312 dentium,
366 1248 430 1302 tanr
456 1239 651 1318 presentium
678 1255 771 1320 cuam
798 1240 988 1314 futurorum,
1007 1239 1170 1321 pedagogii
1188 1239 1269 1312 billi,

190 1337 441 1418 renuntiareque
456 1345 521 1401 tarn
537 1354 594 1417 pro
610 1355 646 1402 se
672 1355 765 1418 quam
792 1338 859 1403 suis
877 1339 1121 1404 successoribus
1136 1337 1268 1418 quibus·

189 1453 341 1516 cumque,
363 1444 516 1516 quantum
540 1436 570 1498 in
594 1453 629 1502 se
655 1444 715 1511 est,
734 1444 766 1502 ut
788 1446 894 1502 cesset
918 1437 1023 1502 omnis
1044 1436 1173 1502 occasio
1190 1436 1269 1500 ulte-

189 1534 287 1600 rioris
299 1534 523 1600 controversie
534 1534 583 1599 vel
597 1533 844 1610 discordie.Quo
857 1535 951 1602 lacto.
968 1527 1102 1600 facultas
1118 1533 1272 1614 suscipiet

189 1632 321 1698 tutelam
338 1639 373 1696 et
392 1647 500 1696 curam
524 1631 598 1696 dicti
622 1633 798 1714 pedagogi,
821 1641 865 1706 ut,
881 1643 1033 1715 quantum
1049 1631 1203 1712 possibile
1216 1631 1268 1705 sit,

189 1739 348 1812 perpetuo
375 1741 520 1796 servetur
545 1731 659 1796 donnus
685 1731 901 1812 pedagogialis
927 1740 958 1796 et
985 1731 1127 1795 fundatio
1150 1728 1272 1796 domini

189 1828 294 1893 Caroli
310 1827 411 1892 viruli
434 1837 465 1892 et
484 1829 619 1893 aliorum
641 1845 914 1910 quorumcumque
940 1828 1173 1894 tundendorum
1199 1844 1269 1908 prc-

190 1927 331 1992 sentium
347 1935 379 1992 et
394 1927 592 2001 futurorum
609 1943 647 1992 ac
666 1927 763 1992 etiam
787 1927 931 1992 admittet
953 1927 1139 2008 magistrum
1153 1925 1271 1990 entho-

191 2025 279 2089 nium
295 2026 336 2088 ad
352 2025 528 2106 regentium
551 2024 634 2090 dicte
656 2026 789 2100 domus;
814 2034 844 2089 et
860 2034 1005 2104 preterea
1021 2025 1162 2090 studebit
1175 2023 1272 2105 grati·

193 2123 282 2188 ficari
313 2123 445 2188 domino
475 2124 599 2187 doctori
634 2123 875 2189 llrmenteriano
904 2132 936 2189 et
964 2124 1032 2188 suis
1062 2124 1094 2186 in
1123 2123 1274 2190 omnibus

193 2222 416 2303 possibilibus.
434 2222 614 2297 Accuvlll,
631 2222 686 2287 lol.
705 2222 743 2286 10
758 2235 799 2286 r0.

233 2419 291 2482 llic
313 2417 396 2492 lune,
420 2421 490 2500 axj·
504 2418 617 2482 nennio
631 2420 772 2499 januarii
799 2419 886 2494 1555,
909 2419 1138 2493 nonadecima,
1155 2417 1274 2486 indicta

194 2516 253 2580 luit
267 2515 432 2595 deputatio
448 2515 620 2591 facultatis,
643 2515 674 2578 io
697 2516 796 2582 rubea
819 2533 946 2581 camera
966 2516 1081 2582 domus
1103 2514 1273 2589 facultatis,

194 2615 225 2678 in
241 2631 359 2693 magno
375 2631 520 2679 numero.
544 2614 656 2680 Coram
671 2616 788 2696 quibus
803 2615 982 2696 comparuit
997 2615 1149 2680 dominus
1163 2614 1276 2682 doctor

194 2711 458 2777 armenterianus
487 2712 591 2780 dando
617 2713 757 2780 dominis
783 2729 974 2794 responsum
1003 2729 1101 2792 super
1123 2711 1276 2791 petitione

193 2811 272 2876 alias
299 2811 351 2876 die
377 2811 502 2876 sabbati
529 2811 639 2876 ultime
664 2813 794 2877 domino
819 2812 1062 2878 ermenteriano
1088 2808 1275 2889 inscriptis

192 2908 290 2984 data;
322 2917 354 2974 et
384 2909 469 2974 inter
498 2911 797 2976 communicandum
835 2909 985 2976 dominus
1013 2907 1276 2976 armenteriantts

194 3007 304 3087 petivit
318 3023 336 3070 a
352 3007 506 3083 dominis,
526 3017 558 3074 ut
573 3009 673 3074 velint
694 3025 731 3072 se
753 3008 952 3081 submittere,
971 3017 1122 3088 quantum
1137 3006 1175 3072 ad
1189 3005 1275 3070 istud

194 3105 369 3186 negotium,
395 3105 427 3168 in
439 3105 529 3186 ‚juris
552 3107 684 3185 peritos,
701 3115 733 3170 et
748 3106 913 3171 nominare
929 3106 1027 3182 duos;
1045 3105 1115 3185 ipse
1131 3103 1277 3170 similiter

195 3206 375 3270 nominaret
390 3206 483 3280 duos,
507 3205 765 3286 cuicuiusmodi
791 3206 1052 3277 controversiam,
1078 3206 1106 3270 si
1122 3202 1277 3284 possibile

195 3303 288 3376 toret,
305 3303 517 3368 terminarent
528 3311 560 3368 et
571 3305 816 3370 concordarent.
831 3306 868 3368 Et
880 3305 964 3370 inter
975 3303 1276 3370 communicandum

195 3401 314 3466 domini
332 3401 536 3466 nominarunt
550 3404 699 3470 dominos
713 3403 864 3470 doctores
879 3404 1022 3468 Amicum
1034 3402 1274 3478 arvernarum,

195 3508 226 3563 et
239 3500 503 3564 armenterianus
528 3501 701 3566 nominavit
718 3502 867 3566 dominos
882 3502 1033 3566 doctores
1048 3501 1229 3565 Gabrielem
1245 3506 1278 3564 et

195 3597 438 3675 wammesiuur,
463 3608 507 3676 ut,
532 3599 611 3666 visis
627 3609 660 3664 et
674 3599 791 3664 auditis
808 3599 882 3664 binc
897 3599 971 3664 inde
986 3598 1231 3680 allegationibus
1246 3603 1279 3661 et

195 3697 275 3762 actis
290 3699 432 3777 desuper
455 3698 679 3773 existentibus,
704 3699 885 3771 terminent,
910 3698 937 3762 si
961 3697 1116 3779 possibile
1130 3697 1222 3762 toret.
1240 3694 1279 3760 Et

196 3794 244 3860 sic
257 3797 419 3862 conclusit
434 3797 586 3862 decanus.
603 3799 694 3874 bern,
712 3797 794 3872 Vlll‚
813 3796 868 3862 sol.
886 3796 924 3860 lb
939 3809 983 3859 νο.

240 3990 295 4053 llic
313 3991 401 4068 iovis,
418 3990 725 4064 meretricabatur
743 3992 833 4067 5555,
920 3990 1077 4066 Quantum
1093 3990 1132 4052 ad
1155 3984 1277 4068 suppli·

197 4087 354 4152 cationem
383 4088 525 4169 magistri
550 4089 700 4154 llntbonii
727 4089 766 4154 de
782 4089 916 4181 Niniris,
931 4087 1142 4168 supplicantis
1156 4082 1278 4150 admitti

196 4187 235 4250 ad
249 4188 422 4270 legentiam
445 4197 476 4252 et
498 4189 673 4269 regendam
697 4190 864 4272 pedagogii
880 4188 951 4253 Lilii
967 4203 1039 4256 cum
1056 4186 1185 4252 domino
1200 4183 1279 4248 doc·
