3236 4952
700 473 890 536 -191--

248 653 417 718 Romanam
430 651 540 716 Sedem
557 657 619 732 tum
644 658 674 714 in
692 659 815 714 cataros
841 653 1064 716 ecclesiasticos
1087 652 1209 716 ordines
1226 671 1245 714 a
1260 669 1338 716 non

249 751 341 814 nullis
356 750 570 824 debacchatur,
585 751 690 830 palam
710 753 837 828 taciens.
856 752 1051 832 antverpiae,
1071 753 1153 831 apud
1177 751 1339 816 Simonem

249 850 367 916 Cocum
384 861 414 914 et
428 851 603 914 Gerardnm
617 850 797 928 Nicolaum,
813 851 904 916 1523.
922 851 990 914 Vol.
1005 852 1036 914 in
1054 852 1096 913 4⁰.

292 965 321 1028 3.
339 965 472 1044 Scripsit
488 974 517 1030 et
534 966 712 1046 Apoiopiam
735 986 792 1048 pro
813 970 928 1049 pictate
951 971 983 1030 in
1001 967 1127 1032 Erasmi
1143 967 1341 1032 blateronem

250 1064 424 1128 Eacbinidii
448 1081 595 1128 canariam
618 1067 770 1146 quintam.
788 1067 990 1146 nritrerpisc.
1009 1067 1092 1145 arrad
1111 1067 1192 1130 Guil.
1213 1065 1341 1130 voster-

253 1181 416 1239 manuum,
436 1163 526 1226 1331.
546 1163 615 1228 Vol.
633 1165 664 1227 ia
683 1165 747 1228 l20.

290 1279 320 1342 l.
341 1279 482 1358 Denique
498 1281 681 1358 composuit
696 1283 838 1344 Limnias
853 1289 1033 1345 sanctorum
1051 1299 1085 1343 oc
1100 1281 1257 1344 beatorum
1274 1281 1341 1343 Bel·

248 1380 308 1460 pil;
335 1395 469 1457 quarum
497 1379 640 1442 meminit
665 1378 822 1460 Georgius
849 1379 1071 1454 colvenerius,
1096 1379 1128 1442 S.
1146 1379 1181 1442 T.
1202 1379 1237 1442 b.
1258 1380 1337 1442 Dua-

250 1477 370 1552 censis,
388 1477 419 1538 in
436 1477 499 1540 vita
525 1477 666 1541 Thomna
689 1477 918 1559 Cantipratani‚
936 1478 1081 1559 ejusdem
1105 1479 1241 1542 ordinis.
1264 1477 1340 1541 Vide

250 1579 286 1641 Β.
317 1577 359 1638 [la
384 1576 509 1650 lauans,
535 1577 673 1658 Belgium
698 1579 938 1653 dominicaanm,
958 1596 987 1658 p.
1007 1578 1078 1640 lot.
1099 1601 1112 1637 n
1138 1577 1183 1642 lta
1208 1578 1338 1654 Pinnos,

249 1678 337 1740 Fasti
352 1677 519 1740 academici
534 1680 746 1760 manuscripti,
765 1679 790 1755 1,
810 1697 841 1757 p.
859 1677 910 1742 65.

293 1861 472 1922 Bernartius
487 1860 524 1922 dc
539 1861 776 1942 Latzcmbarpo,
794 1861 918 1925 ordinis
936 1861 1036 1924 sancti
1055 1859 1226 1932 Dominici,
1245 1867 1340 1922 natas

250 1957 283 2020 in
309 1957 474 2030 Strussen,
503 1959 691 2023 immaniora
722 1959 834 2024 didicit
860 1957 1024 2034 Coloniae,
1053 1969 1084 2023 et
1114 1960 1145 2020 in
1175 1958 1234 2021 liae
1261 1957 1341 2021 urbe

252 2057 398 2122 ordinem
412 2057 671 2122 Praedicatorum
685 2059 854 2140 ingressus
870 2069 930 2124 est.
949 2060 1041 2122 Anno
1055 2058 1135 2120 1500
1149 2057 1212 2136 iam
1227 2073 1340 2122 sacrae

254 2156 434 2236 theologiae
450 2157 690 2233 baccalaureus,
709 2158 816 2222 laurea
836 2158 993 2223 doctorali
1019 2157 1192 2236 insignitur
1207 2155 1341 2220 Parisiis

252 2272 337 2320 anno
356 2257 445 2328 teto.
464 2256 690 2322 confessarius
706 2268 737 2322 et
755 2257 956 2338 praedicator
978 2257 1162 2320 ordinarius
1178 2254 1340 2319 Guilielml

254 2355 346 2420 ducis
361 2355 564 2432 balianensis,
578 2355 785 2420 constituitur
797 2355 969 2437 inquisitor
986 2355 1146 2436 generalis
1159 2353 1341 2420 haereticae

254 2453 418 2533 pravitatis
436 2471 493 2534 pro
509 2454 651 2518 dioecesi
664 2453 861 2520 Coloniensi.
879 2455 988 2519 Totam
1006 2455 1072 2518 lere
1089 2470 1179 2517 suam
1197 2453 1289 2516 vitam
1307 2451 1340 2514 in

254 2552 480 2634 oppugnandis
517 2552 712 2617 novitatibus
743 2553 953 2634 Ecclesiaque
992 2552 1109 2618 tuenda
1146 2550 1339 2632 absumpsit.

254 2650 427 2731 Postquam
450 2651 500 2715 bis
523 2661 674 2731 tanquam
702 2652 791 2731 prior
813 2669 891 2716 snos
917 2652 1065 2724 rexisset,
1088 2651 1168 2714 obiit
1189 2650 1342 2716 Coloniae

255 2749 521 2823 boatobrislbdll,
532 2765 676 2830 magnam
690 2751 818 2814 virtutis
830 2761 862 2815 et
874 2749 1177 2815 sarratitmislamam
1191 2750 1339 2830 adeptus.

295 2847 351 2910 Vir
367 2848 533 2928 multiplici
560 2849 704 2912 doctrino
721 2859 753 2913 et
780 2865 891 2930 magna
916 2849 998 2914 vitae
1029 2848 1200 2929 religiosae
1222 2848 1341 2911 sanati-

256 2946 361 3010 monia
387 2947 507 3020 clarus,
539 2947 715 3011 catholicae
742 2947 906 3028 religionis
933 2958 1087 3012 strenuus
1110 2957 1340 3028 propugnator,

253 3045 460 3125 omniumque
473 3045 640 3110 haeresum
655 3045 781 3126 juratus
797 3043 913 3121 bostis,
933 3057 966 3111 ut
990 3055 1127 3112 testatur
1153 3045 1337 3122 Succurras,

255 3143 382 3208 rltbcnoa
397 3143 528 3226 belgica,
547 3163 577 3226 p.
592 3145 663 3209 loo.

295 3259 372 3340 Ejus
389 3269 464 3324 sunt
481 3279 488 3324 :

296 3375 326 3438 l.
352 3375 567 3454 Quodlibctnm
593 3377 630 3440 de
648 3377 772 3457 iabiloea
798 3395 879 3442 anna
908 3377 1049 3441 cacabari
1076 3379 1108 3441 in
1137 3379 1343 3442 Universitate

252 3475 440 3538 linconiensi
462 3477 693 3540 determinatam
710 3481 868 3542 occasions
885 3477 1005 3557 iabilai
1026 3477 1064 3542 ab
1087 3478 1266 3542 Alccandro
1302 3477 1343 3540 Vl

252 3576 398 3651 concessi,
426 3581 455 3638 ct
476 3577 651 3657 Antocrpiat
675 3593 797 3639 summa
820 3579 934 3657 pietate
960 3577 1115 3642 celebrati.
1144 3575 1340 3656 Aiitverpiae,

255 3672 352 3750 mom
369 3673 433 3737 vol.
451 3674 484 3736 in
499 3675 545 3736 4⁰.

295 3789 325 3852 2.
351 3789 539 3870 Opasaalam
574 3791 612 3854 dc
634 3791 761 3871 jubileo
796 3795 859 3856 sinc
891 3795 1132 3874 peregrinatione
1167 3793 1207 3855 ad
1236 3790 1341 3854 arbem

254 3888 423 3955 mammam
445 3893 478 3952 r'a
499 3907 568 3960 aaa
590 3891 688 3954 dictas
711 3893 879 3958 redactam.
898 3892 1061 3968 Coloniae,
1087 3891 1234 3966 Quentel,
1261 3889 1339 3954 lost

254 3986 317 4062 tolli
334 3987 444 4053 dicunt
459 3988 566 4066 leena
582 3989 647 4056 val.
664 3991 696 4058 in
712 3991 758 4056 4⁰.

295 4100 325 4164 3.
352 4101 531 4184 compilatio
569 4105 602 4167 in
638 4107 929 4170 commendationem
965 4107 1044 4170 beati
1078 4106 1201 4188 dosepb,
1237 4104 1341 4186 sponsi

254 4201 433 4280 christifera
466 4201 599 4282 Virginis
628 4211 657 4266 ct
684 4207 807 4270 arctata
836 4207 959 4270 Domini
988 4208 1083 4270 nostri
1111 4207 1185 4272 desa
1213 4204 1339 4269 Christi.
