3232 4940
749 468 932 531 -ttu—

376 652 433 714 Th.
451 650 702 716 sacramentales
726 650 763 713 ad
783 665 824 712 m.
843 649 874 712 d.
892 665 920 712 s.
945 681 980 695 -
997 647 1139 723 Lorarii,
1158 649 1242 730 tynis
1261 650 1297 714 Η.
1319 649 1387 715 Van

337 749 513 816 Overheke.
532 751 565 812 in
582 750 627 824 4⁰,
646 750 684 812 16
701 766 754 828 nn.

295 883 386 958 1698,
401 885 419 948 3
434 892 462 946 et
475 883 622 946 dmartii.
641 883 694 946 Pr.
713 881 905 945 Franciscus
921 881 1030 954 Tutor,
1049 880 1081 943 S.
1098 880 1135 943 T.
1154 881 1267 944 lector.

316 985 392 1048 Rec.
410 983 453 1057 4⁰,
471 1001 491 1045 u
506 981 557 1046 66.
637 981 705 1045 Dei.
737 981 877 1044 ioannes
912 980 1058 1055 Comere,
1093 980 1232 1044 Thomas
1264 981 1382 1060 Lynch,

457 1081 618 1160 Iosephus
636 1079 770 1156 Doulou,
789 1089 819 1143 et
835 1079 1027 1143 Traiiciscus
1043 1079 1111 1142 Fitz
1125 1077 1261 1144 Simone.

378 1183 434 1244 Th.
465 1182 562 1245 theol.
587 1181 626 1244 de
652 1180 862 1244 sacramentis
889 1179 919 1240 in
947 1195 1066 1258 genere
1090 1188 1121 1242 et
1145 1181 1176 1240 in
1200 1178 1318 1258 specie,
1344 1173 1384 1241 ad

336 1297 378 1343 m.
393 1281 424 1343 d.
439 1298 467 1343 s.
484 1279 616 1343 loannis
640 1279 709 1343 Duo
731 1277 829 1341 Scoti.
847 1313 888 1322 -
903 1277 1046 1352 lovanii,
1066 1279 1149 1358 typis
1172 1275 1301 1340 Heinriei
1318 1277 1384 1340 Tan

337 1377 513 1443 Overhcke.
534 1377 567 1439 ln
584 1376 630 1450 4⁰,
649 1377 687 1440 16
706 1393 758 1456 op.

295 1510 387 1584 1698,
406 1509 444 1572 19
453 1509 537 1588 J'uit't'.
607 1505 999 1578 commonitoriorum
1015 1505 1046 1568 S.
1058 1505 1092 1566 T.
1104 1505 1206 1570 lector
1214 1505 1381 1586 jubilatus.

315 1609 384 1674 het.
401 1609 443 1684 4⁰,
457 1625 517 1670 ιιιιιι
530 1606 581 1668 96.
608 1607 674 1669 Dei.
692 1605 883 1669 Traiicisuus
901 1605 1050 1684 dochino.

374 1707 496 1770 Theses
522 1721 623 1768 sacrm
650 1705 681 1766 in
705 1702 910 1784 Erarigeiium
934 1703 965 1764 S.
997 1705 1134 1768 Matthaei
1162 1705 1200 1768 ad
1226 1721 1267 1766 ru.
1292 1704 1323 1768 d.
1349 1722 1380 1768 s.

334 1805 468 1871 ioannis
491 1804 579 1867 Duns
602 1803 700 1866 Scoti.
717 1838 758 1848 —
779 1803 920 1874 Lovanii.
939 1803 1021 1883 tynis
1047 1803 1174 1867 ilenrici
1197 1803 1261 1866 Van
1286 1802 1383 1868 Over·

335 1905 425 1968 beke.
444 1903 478 1965 in
494 1903 538 1978 4⁰,
557 1903 595 1964 tu
614 1919 666 1980 nn
996 1923 999 1928 ·
1096 1925 1099 1934 =

332 2001 465 2058 Dedicnce
481 2021 486 2054 :
503 2002 740 2055 Rcucrcndissimo
760 2001 854 2065 Patri,
873 2001 908 2054 P.
933 2002 968 2055 F.
985 2001 1103 2054 Reicere
1123 2001 1220 2066 Panes
1238 2007 1298 2055 ord.
1320 2003 1382 2059 FF.

293 2095 367 2149 Min.
390 2094 490 2147 Recoil.
516 2093 544 2148 S.
570 2091 718 2156 Theoloqioe
741 2097 834 2145 lectori
856 2098 979 2154 emotum,
1004 2097 1033 2144 t'n
1054 2097 1199 2157 prouincia
1223 2091 1386 2147 Germanice

292 2186 443 2250 Inferioris
456 2188 613 2250 quardiano
625 2189 738 2236 emerito
755 2192 779 2236 et
791 2188 894 2248 soepius
907 2187 1061 2248 diffinituri,
1077 2201 1110 2236 ac
1121 2199 1208 2248 supet·
1224 2189 1384 2248 prouinciae

295 2275 460 2330 Germanice
475 2275 643 2339 Superioris,
664 2274 765 2340 Beloii,
781 2274 933 2340 Hiberniae,
953 2275 1074 2340 Aetolica,
1089 2274 1195 2335 Sentice·⁹
1211 2274 1314 2341 Ducite,
1329 2284 1379 2329 cte.

292 2383 357 2420 cum
367 2370 541 2431 plenitudine
550 2369 692 2430 pominus
706 2369 736 2416 in
749 2373 869 2430 utroque
881 2371 940 2430 toro
955 2364 1153 2418 Commissnrio
1165 2369 1297 2430 cenerati.

292 2489 383 2562 1698,
401 2487 440 2552 98
453 2489 537 2567 iulii.
626 2487 676 2549 Pr.
694 2486 851 2550 Antonius
867 2485 1000 2562 Tncncu,
1018 2487 1050 2549 S.
1068 2487 1103 2550 T.
1122 2486 1234 2551 lector.

314 2587 390 2653 Reo.
408 2587 452 2664 4⁰,
470 2606 490 2650 n
507 2586 559 2649 69.
626 2585 693 2649 Det
723 2584 945 2650 Bonavcntura
974 2583 1131 2662 Cormoci,
1161 2585 1384 2650 Bonaventura

457 2688 475 2749 6
491 2685 667 2759 Donnorhc,
685 2695 716 2748 et
730 2684 870 2748 ioannes
885 2700 903 2746 a
919 2685 950 2746 S.
970 2685 1107 2749 hntouio
1126 2685 1257 2750 Bcdhin.

375 2785 434 2849 Th.
452 2785 551 2850 theol.
569 2785 609 2850 de
624 2785 792 2865 religione,
810 2784 1041 2856 incarnatione.
1056 2785 1191 2866 augetis,
1209 2801 1308 2866 opere
1325 2802 1384 2849 sex

335 2885 472 2958 dierum,
498 2883 609 2948 ultimo
632 2883 695 2948 fine
717 2882 756 2946 ad
780 2899 820 2945 m.
839 2883 872 2945 6.
897 2900 924 2945 s.
948 2883 1080 2947 ioannis
1105 2884 1193 2948 Dans
1216 2884 1302 2949 Scoti
1327 2883 1382 2946 ili-

334 2983 437 3046 berni.
451 3019 492 3028 —
505 2982 646 3056 Lorarii,
662 2981 744 3061 tyois
761 2981 886 3046 henrici
901 2981 965 3044 Van
980 2981 1155 3047 Overhehe.
1171 2983 1204 3044 in
1220 2984 1262 3058 4⁰,
1277 2983 1312 3046 19
1325 2999 1378 3064 nn.

331 3081 464 3138 Dt'edicace
481 3102 487 3136 :
502 3083 661 3138 Reuerendo
679 3087 827 3136 admodum
842 3081 876 3136 P.
893 3081 926 3134 F.
943 3081 1063 3134 Antonio
1077 3083 1159 3148 Kella(
1172 3087 1279 3136 ordinis
1293 3083 1382 3138 Mino·

291 3187 358 3226 rum
372 3179 518 3226 strictioris
535 3179 727 3239 obscruunh'oe,
742 3189 831 3226 sacrm
852 3177 994 3238 theolooiae
1013 3177 1115 3236 testord,
1132 3177 1214 3226 almoe
1230 3180 1383 3241 procinctae

292 3263 435 3317 Hiberniae
444 3269 611 3329 prcvtnct'ah'
626 3281 676 3318 suo
686 3269 806 3330 preclaro
820 3268 1045 3329 niyilcntissimo.

294 3368 386 3444 1699,
407 3370 418 3432 1
436 3377 510 3451 ειμι.
621 3369 672 3432 Ρι.
691 3370 849 3433 Antonius
867 3369 976 3443 Taena,
994 3369 1027 3432 S.
1045 3369 1080 3432 T.
1100 3370 1211 3433 lector.

312 3467 389 3532 Rec.
407 3469 451 3544 4⁰,
469 3488 488 3531 n
505 3469 555 3532 68.
623 3469 690 3533 Det.
709 3467 848 3533 ioannes
872 3469 1018 3546 Comana,
1043 3469 1182 3533 Thomas
1206 3468 1321 3547 Lycei,
1346 3476 1380 3532 et

456 3568 616 3650 Iosephus
634 3567 769 3632 Dowlen.

373 3669 429 3730 Th.
450 3667 547 3731 theol.
565 3665 818 3740 devolutione,
838 3665 996 3729 Libertate
1018 3675 1049 3730 et
1065 3665 1182 3740 Gratia,
1202 3665 1380 3734 Moralitato

332 3775 458 3830 actuum
475 3767 700 3838 humanorum,
720 3764 936 3837 Conscientia,
954 3763 1092 3844 Legibus
1115 3776 1146 3828 et
1164 3764 1319 3840 Peccatis,
1338 3765 1378 3828 ad

295 3853 300 3860 ’
331 3879 373 3926 ιιι.
400 3863 533 3928 ioannis
561 3863 649 3926 [tuns
674 3863 762 3927 Scoti
790 3861 920 3926 hiberni
948 3864 980 3926 d.
1009 3881 1037 3928 s.
1058 3898 1099 3908 —
1121 3862 1264 3936 Lorarrii,
1293 3862 1378 3944 typis

333 3957 460 4026 Henrici
476 3963 540 4025 i'an
558 3960 734 4026 Ouerbeke.
753 3961 847 4034 1140,
867 3961 905 4023 to
925 3978 977 4042 pn.
1103 3975 1105 3980 ·

291 4093 383 4170 1699,
396 4094 474 4157 dhet
486 4093 524 4156 97
537 4099 594 4157 oet.
618 4093 668 4157 Pr.
687 4093 877 4158 Trunciscus
889 4093 1002 4167 Tucci,
1021 4093 1052 4156 S.
1071 4093 1106 4158 T.
1124 4093 1237 4159 lector.

312 4192 380 4256 Rei.
398 4196 443 4266 4⁰,
462 4211 520 4255 xrn
537 4192 587 4256 36.
617 4192 686 4257 Det.
717 4193 938 4256 Bouaventura
969 4191 1124 4268 cormorii,
1148 4199 1181 4258 et
1206 4191 1376 4258 Terentius

456 4293 566 4371 Redin.
