<?xml version="1.0" encoding="UTF-8"?>
<!DOCTYPE html PUBLIC "-//W3C//DTD XHTML 1.0 Transitional//EN"
    "http://www.w3.org/TR/xhtml1/DTD/xhtml1-transitional.dtd">
<html xmlns="http://www.w3.org/1999/xhtml" xml:lang="en" lang="en">
 <head>
  <title>
</title>
<meta http-equiv="Content-Type" content="text/html;charset=utf-8" />
  <meta name='ocr-system' content='tesseract 3.04.00' />
  <meta name='ocr-capabilities' content='ocr_page ocr_carea ocr_par ocr_line ocrx_word'/>
</head>
<body>
  <div class='ocr_page' id='page_1' title='image "./documentsrelati01reusgoog/documentsrelati01reusgoog_0971.png"; bbox 0 0 3186 4942; ppageno 0'>
   <div class='ocr_carea' id='block_1_1' title="bbox 676 469 863 534">
    <p class='ocr_par' dir='ltr' id='par_1_1' title="bbox 676 469 863 534">
     <span class='ocr_line' id='line_1_1' title="bbox 676 469 863 534; baseline -0.016 0"><span class='ocrx_word' id='word_1_1' title='bbox 676 503 713 516; x_wconf 89' lang='lat'>—</span> <span class='ocrx_word' id='word_1_2' title='bbox 740 469 863 534; x_wconf 77' lang='lat'><strong>397-</strong></span> 
     </span>
    </p>
   </div>
   <div class='ocr_carea' id='block_1_2' title="bbox 199 643 1301 3395">
    <p class='ocr_par' dir='ltr' id='par_1_2' title="bbox 199 643 1301 3395">
     <span class='ocr_line' id='line_1_2' title="bbox 207 643 1297 731; baseline 0.005 -19"><span class='ocrx_word' id='word_1_3' title='bbox 207 649 416 715; x_wconf 84' lang='lat' dir='ltr'><strong>Brabantioae</strong></span> <span class='ocrx_word' id='word_1_4' title='bbox 439 665 534 730; x_wconf 88' lang='lat' dir='ltr'><strong>pago,</strong></span> <span class='ocrx_word' id='word_1_5' title='bbox 560 649 747 730; x_wconf 75' lang='lat' dir='ltr'><strong>coangusti</strong></span> <span class='ocrx_word' id='word_1_6' title='bbox 772 648 853 712; x_wconf 77' lang='lat' dir='ltr'><strong>lttt</strong></span> <span class='ocrx_word' id='word_1_7' title='bbox 875 653 916 726; x_wconf 92' lang='lat' dir='ltr'><strong>(et</strong></span> <span class='ocrx_word' id='word_1_8' title='bbox 937 649 990 714; x_wconf 89' lang='lat' dir='ltr'><strong>die</strong></span> <span class='ocrx_word' id='word_1_9' title='bbox 1017 649 1165 731; x_wconf 82' lang='lat' dir='ltr'><strong>sequenti</strong></span> <span class='ocrx_word' id='word_1_10' title='bbox 1190 643 1297 731; x_wconf 88' lang='lat' dir='ltr'><strong>bapti·</strong></span> 
     </span>
     <span class='ocr_line' id='line_1_3' title="bbox 206 745 1301 832; baseline 0.002 -18"><span class='ocrx_word' id='word_1_11' title='bbox 206 752 306 828; x_wconf 83' lang='lat' dir='ltr'><strong>zntus)</strong></span> <span class='ocrx_word' id='word_1_12' title='bbox 335 748 524 830; x_wconf 88' lang='lat' dir='ltr'><strong>parentibus</strong></span> <span class='ocrx_word' id='word_1_13' title='bbox 564 745 720 830; x_wconf 76' lang='lat' dir='ltr'>religione</span> <span class='ocrx_word' id='word_1_14' title='bbox 749 749 1070 814; x_wconf 84' lang='lat' dir='ltr'><strong>Romano-catholica</strong></span> <span class='ocrx_word' id='word_1_15' title='bbox 1110 765 1301 832; x_wconf 86' lang='lat' dir='ltr'><strong>morumque</strong></span> 
     </span>
     <span class='ocr_line' id='line_1_4' title="bbox 207 848 1300 928; baseline 0.001 -15"><span class='ocrx_word' id='word_1_16' title='bbox 207 850 377 914; x_wconf 88' lang='lat' dir='ltr'><strong>bonestate</strong></span> <span class='ocrx_word' id='word_1_17' title='bbox 399 848 597 927; x_wconf 74' lang='lat' dir='ltr'>conspicuis.</span> <span class='ocrx_word' id='word_1_18' title='bbox 615 849 760 912; x_wconf 78' lang='lat' dir='ltr'><strong>Animam</strong></span> <span class='ocrx_word' id='word_1_19' title='bbox 783 848 918 912; x_wconf 89' lang='lat' dir='ltr'><strong>sortitos</strong></span> <span class='ocrx_word' id='word_1_20' title='bbox 936 849 1065 924; x_wconf 88' lang='lat' dir='ltr'><strong>bonam,</strong></span> <span class='ocrx_word' id='word_1_21' title='bbox 1084 849 1204 928; x_wconf 89' lang='lat' dir='ltr'><strong>optima</strong></span> <span class='ocrx_word' id='word_1_22' title='bbox 1227 865 1300 914; x_wconf 91' lang='lat' dir='ltr'><strong>curn</strong></span> 
     </span>
     <span class='ocr_line' id='line_1_5' title="bbox 207 945 1301 1028; baseline 0.002 -18"><span class='ocrx_word' id='word_1_23' title='bbox 207 947 318 1011; x_wconf 88' lang='lat' dir='ltr'><strong>indole</strong></span> <span class='ocrx_word' id='word_1_24' title='bbox 332 947 416 1010; x_wconf 90' lang='lat' dir='ltr'><strong>vitae</strong></span> <span class='ocrx_word' id='word_1_25' title='bbox 434 946 652 1010; x_wconf 77' lang='lat' dir='ltr'><strong>innocentiam</strong></span> <span class='ocrx_word' id='word_1_26' title='bbox 678 946 855 1026; x_wconf 83' lang='lat' dir='ltr'><strong>conjunxit,</strong></span> <span class='ocrx_word' id='word_1_27' title='bbox 873 945 915 1010; x_wconf 89' lang='lat' dir='ltr'><strong>ita</strong></span> <span class='ocrx_word' id='word_1_28' title='bbox 941 955 974 1010; x_wconf 92' lang='lat' dir='ltr'><strong>nt</strong></span> <span class='ocrx_word' id='word_1_29' title='bbox 989 963 1069 1028; x_wconf 90' lang='lat' dir='ltr'><strong>puer</strong></span> <span class='ocrx_word' id='word_1_30' title='bbox 1094 958 1125 1012; x_wconf 90' lang='lat' dir='ltr'><strong>et</strong></span> <span class='ocrx_word' id='word_1_31' title='bbox 1141 947 1301 1028; x_wconf 91' lang='lat' dir='ltr'><strong>sapientia</strong></span> 
     </span>
     <span class='ocr_line' id='line_1_6' title="bbox 207 1044 1297 1126; baseline 0 -15"><span class='ocrx_word' id='word_1_32' title='bbox 207 1056 239 1111; x_wconf 89' lang='lat' dir='ltr'><strong>et</strong></span> <span class='ocrx_word' id='word_1_33' title='bbox 261 1055 365 1110; x_wconf 90' lang='lat' dir='ltr'><strong>aetate</strong></span> <span class='ocrx_word' id='word_1_34' title='bbox 387 1055 418 1108; x_wconf 89' lang='lat' dir='ltr'><strong>et</strong></span> <span class='ocrx_word' id='word_1_35' title='bbox 440 1045 541 1125; x_wconf 86' lang='lat' dir='ltr'><strong>gratia</strong></span> <span class='ocrx_word' id='word_1_36' title='bbox 564 1045 647 1124; x_wconf 89' lang='lat' dir='ltr'><strong>apud</strong></span> <span class='ocrx_word' id='word_1_37' title='bbox 667 1045 764 1109; x_wconf 87' lang='lat' dir='ltr'><strong>ileum</strong></span> <span class='ocrx_word' id='word_1_38' title='bbox 782 1044 955 1126; x_wconf 88' lang='lat' dir='ltr'><strong>proliceret</strong></span> <span class='ocrx_word' id='word_1_39' title='bbox 976 1055 1008 1109; x_wconf 89' lang='lat' dir='ltr'><strong>et</strong></span> <span class='ocrx_word' id='word_1_40' title='bbox 1028 1045 1111 1126; x_wconf 92' lang='lat' dir='ltr'><strong>apud</strong></span> <span class='ocrx_word' id='word_1_41' title='bbox 1136 1047 1297 1111; x_wconf 87' lang='lat' dir='ltr'><strong>nomines.</strong></span> 
     </span>
     <span class='ocr_line' id='line_1_7' title="bbox 206 1142 1297 1227; baseline 0.003 -20"><span class='ocrx_word' id='word_1_42' title='bbox 206 1143 285 1208; x_wconf 81' lang='lat' dir='ltr'><strong>(lum</strong></span> <span class='ocrx_word' id='word_1_43' title='bbox 301 1159 379 1207; x_wconf 91' lang='lat' dir='ltr'><strong>vero</strong></span> <span class='ocrx_word' id='word_1_44' title='bbox 402 1159 419 1206; x_wconf 93' lang='lat' dir='ltr'><strong>a</strong></span> <span class='ocrx_word' id='word_1_45' title='bbox 435 1143 556 1207; x_wconf 89' lang='lat' dir='ltr'><strong>teneris</strong></span> <span class='ocrx_word' id='word_1_46' title='bbox 572 1143 666 1206; x_wconf 89' lang='lat' dir='ltr'><strong>annis</strong></span> <span class='ocrx_word' id='word_1_47' title='bbox 688 1142 831 1223; x_wconf 88' lang='lat' dir='ltr'><strong>germina</strong></span> <span class='ocrx_word' id='word_1_48' title='bbox 848 1143 1045 1224; x_wconf 88' lang='lat' dir='ltr'><strong>pullularent</strong></span> <span class='ocrx_word' id='word_1_49' title='bbox 1067 1161 1131 1209; x_wconf 93' lang='lat' dir='ltr'><strong>non</strong></span> <span class='ocrx_word' id='word_1_50' title='bbox 1148 1144 1297 1227; x_wconf 88' lang='lat' dir='ltr'><strong>ambigua</strong></span> 
     </span>
     <span class='ocr_line' id='line_1_8' title="bbox 207 1241 1300 1323; baseline 0.001 -16"><span class='ocrx_word' id='word_1_51' title='bbox 207 1242 366 1307; x_wconf 80' lang='lat' dir='ltr'><strong>acuminis</strong></span> <span class='ocrx_word' id='word_1_52' title='bbox 392 1241 524 1322; x_wconf 86' lang='lat' dir='ltr'><strong>ingenii,</strong></span> <span class='ocrx_word' id='word_1_53' title='bbox 553 1241 798 1306; x_wconf 81' lang='lat' dir='ltr'><strong>humanioribus</strong></span> <span class='ocrx_word' id='word_1_54' title='bbox 824 1242 1037 1307; x_wconf 75' lang='lat' dir='ltr'><strong>informandis</strong></span> <span class='ocrx_word' id='word_1_55' title='bbox 1064 1259 1081 1306; x_wconf 92' lang='lat' dir='ltr'><strong>a</strong></span> <span class='ocrx_word' id='word_1_56' title='bbox 1109 1245 1300 1323; x_wconf 90' lang='lat' dir='ltr'><strong>parentibus</strong></span> 
     </span>
     <span class='ocr_line' id='line_1_9' title="bbox 206 1341 1298 1416; baseline 0.001 -11"><span class='ocrx_word' id='word_1_57' title='bbox 206 1341 342 1407; x_wconf 92' lang='lat' dir='ltr'><strong>mittitur</strong></span> <span class='ocrx_word' id='word_1_58' title='bbox 368 1342 399 1404; x_wconf 93' lang='lat' dir='ltr'><strong>in</strong></span> <span class='ocrx_word' id='word_1_59' title='bbox 429 1341 631 1416; x_wconf 84' lang='lat' dir='ltr'><strong>westerloo;</strong></span> <span class='ocrx_word' id='word_1_60' title='bbox 664 1341 717 1405; x_wconf 91' lang='lat' dir='ltr'><strong>ubi</strong></span> <span class='ocrx_word' id='word_1_61' title='bbox 747 1341 912 1407; x_wconf 87' lang='lat' dir='ltr'><strong>literarum</strong></span> <span class='ocrx_word' id='word_1_62' title='bbox 940 1342 1077 1406; x_wconf 89' lang='lat' dir='ltr'><strong>stadium</strong></span> <span class='ocrx_word' id='word_1_63' title='bbox 1108 1352 1194 1406; x_wconf 89' lang='lat' dir='ltr'><strong>tanta</strong></span> <span class='ocrx_word' id='word_1_64' title='bbox 1225 1361 1298 1408; x_wconf 87' lang='lat' dir='ltr'><strong>num</strong></span> 
     </span>
     <span class='ocr_line' id='line_1_10' title="bbox 204 1439 1297 1522; baseline 0.005 -20"><span class='ocrx_word' id='word_1_65' title='bbox 204 1441 306 1522; x_wconf 87' lang='lat' dir='ltr'><strong>gloria</strong></span> <span class='ocrx_word' id='word_1_66' title='bbox 332 1439 485 1510; x_wconf 87' lang='lat' dir='ltr'><strong>decurrit.</strong></span> <span class='ocrx_word' id='word_1_67' title='bbox 516 1447 550 1504; x_wconf 90' lang='lat' dir='ltr'><strong>ut</strong></span> <span class='ocrx_word' id='word_1_68' title='bbox 575 1439 776 1520; x_wconf 84' lang='lat' dir='ltr'><strong>aequalibus,</strong></span> <span class='ocrx_word' id='word_1_69' title='bbox 804 1439 921 1521; x_wconf 86' lang='lat' dir='ltr'><strong>quibus</strong></span> <span class='ocrx_word' id='word_1_70' title='bbox 948 1443 1021 1505; x_wconf 91' lang='lat' dir='ltr'><strong>vivo</strong></span> <span class='ocrx_word' id='word_1_71' title='bbox 1048 1450 1080 1504; x_wconf 93' lang='lat' dir='ltr'><strong>et</strong></span> <span class='ocrx_word' id='word_1_72' title='bbox 1106 1441 1297 1507; x_wconf 86' lang='lat' dir='ltr'><strong>numilitatis</strong></span> 
     </span>
     <span class='ocr_line' id='line_1_11' title="bbox 206 1538 1297 1620; baseline 0.002 -18"><span class='ocrx_word' id='word_1_73' title='bbox 206 1539 300 1603; x_wconf 91' lang='lat' dir='ltr'><strong>simul</strong></span> <span class='ocrx_word' id='word_1_74' title='bbox 324 1547 355 1604; x_wconf 90' lang='lat' dir='ltr'><strong>et</strong></span> <span class='ocrx_word' id='word_1_75' title='bbox 384 1538 510 1619; x_wconf 89' lang='lat' dir='ltr'><strong>pietatis</strong></span> <span class='ocrx_word' id='word_1_76' title='bbox 533 1539 593 1602; x_wconf 84' lang='lat' dir='ltr'><strong>luit</strong></span> <span class='ocrx_word' id='word_1_77' title='bbox 618 1539 777 1618; x_wconf 85' lang='lat' dir='ltr'><strong>exemplo,</strong></span> <span class='ocrx_word' id='word_1_78' title='bbox 796 1540 932 1620; x_wconf 89' lang='lat' dir='ltr'><strong>palmam</strong></span> <span class='ocrx_word' id='word_1_79' title='bbox 955 1540 1148 1618; x_wconf 88' lang='lat' dir='ltr'><strong>saepissime</strong></span> <span class='ocrx_word' id='word_1_80' title='bbox 1176 1541 1297 1620; x_wconf 90' lang='lat' dir='ltr'><strong>praeri-</strong></span> 
     </span>
     <span class='ocr_line' id='line_1_12' title="bbox 206 1637 1299 1720; baseline -0.001 -16"><span class='ocrx_word' id='word_1_81' title='bbox 206 1639 321 1720; x_wconf 89' lang='lat' dir='ltr'><strong>puerit.</strong></span> <span class='ocrx_word' id='word_1_82' title='bbox 339 1638 496 1701; x_wconf 79' lang='lat' dir='ltr'><strong>Absolute</strong></span> <span class='ocrx_word' id='word_1_83' title='bbox 521 1637 648 1702; x_wconf 90' lang='lat' dir='ltr'><strong>tandem</strong></span> <span class='ocrx_word' id='word_1_84' title='bbox 664 1638 867 1719; x_wconf 79' lang='lat' dir='ltr'><strong>eloquentiae</strong></span> <span class='ocrx_word' id='word_1_85' title='bbox 886 1639 1007 1714; x_wconf 82' lang='lat' dir='ltr'><strong>studio,</strong></span> <span class='ocrx_word' id='word_1_86' title='bbox 1025 1639 1200 1704; x_wconf 87' lang='lat' dir='ltr'><strong>Lovanium</strong></span> <span class='ocrx_word' id='word_1_87' title='bbox 1227 1641 1299 1720; x_wconf 92' lang='lat' dir='ltr'><strong>pbi-</strong></span> 
     </span>
     <span class='ocr_line' id='line_1_13' title="bbox 203 1735 1296 1817; baseline 0.005 -19"><span class='ocrx_word' id='word_1_88' title='bbox 203 1735 1296 1817; x_wconf 79' lang='lat' dir='ltr'><strong>losopbiaimbuendusdestinatur.AstNorbcrtusnoster.evolnto</strong></span> 
     </span>
     <span class='ocr_line' id='line_1_14' title="bbox 202 1835 1298 1909; baseline 0.002 -10"><span class='ocrx_word' id='word_1_89' title='bbox 202 1851 300 1909; x_wconf 85' lang='lat' dir='ltr'><strong>anno.</strong></span> <span class='ocrx_word' id='word_1_90' title='bbox 318 1835 358 1899; x_wconf 89' lang='lat' dir='ltr'><strong>de</strong></span> <span class='ocrx_word' id='word_1_91' title='bbox 379 1835 571 1900; x_wconf 81' lang='lat' dir='ltr'><strong>deserendis</strong></span> <span class='ocrx_word' id='word_1_92' title='bbox 593 1835 715 1900; x_wconf 81' lang='lat' dir='ltr'><strong>fallacis</strong></span> <span class='ocrx_word' id='word_1_93' title='bbox 738 1837 848 1900; x_wconf 91' lang='lat' dir='ltr'><strong>mnndi</strong></span> <span class='ocrx_word' id='word_1_94' title='bbox 865 1837 983 1902; x_wconf 84' lang='lat' dir='ltr'><strong>castris</strong></span> <span class='ocrx_word' id='word_1_95' title='bbox 1005 1839 1092 1902; x_wconf 88' lang='lat' dir='ltr'><strong>sorio</strong></span> <span class='ocrx_word' id='word_1_96' title='bbox 1116 1837 1298 1903; x_wconf 88' lang='lat' dir='ltr'><strong>deliberare</strong></span> 
     </span>
     <span class='ocr_line' id='line_1_15' title="bbox 203 1933 1295 2014; baseline 0.003 -17"><span class='ocrx_word' id='word_1_97' title='bbox 203 1935 321 2014; x_wconf 87' lang='lat' dir='ltr'><strong>coepit.</strong></span> <span class='ocrx_word' id='word_1_98' title='bbox 336 1935 428 1998; x_wconf 91' lang='lat' dir='ltr'><strong>Venit</strong></span> <span class='ocrx_word' id='word_1_99' title='bbox 440 1933 546 2014; x_wconf 89' lang='lat' dir='ltr'><strong>itaque</strong></span> <span class='ocrx_word' id='word_1_100' title='bbox 563 1936 595 1998; x_wconf 93' lang='lat' dir='ltr'><strong>in</strong></span> <span class='ocrx_word' id='word_1_101' title='bbox 613 1943 764 2008; x_wconf 87' lang='lat' dir='ltr'><strong>mentem,</strong></span> <span class='ocrx_word' id='word_1_102' title='bbox 780 1945 811 1998; x_wconf 92' lang='lat' dir='ltr'><strong>et</strong></span> <span class='ocrx_word' id='word_1_103' title='bbox 823 1935 913 1999; x_wconf 88' lang='lat' dir='ltr'><strong>brevi</strong></span> <span class='ocrx_word' id='word_1_104' title='bbox 925 1935 1044 2000; x_wconf 90' lang='lat' dir='ltr'><strong>bonum</strong></span> <span class='ocrx_word' id='word_1_105' title='bbox 1057 1936 1086 2000; x_wconf 92' lang='lat' dir='ltr'><strong>ei</strong></span> <span class='ocrx_word' id='word_1_106' title='bbox 1103 1935 1207 2000; x_wconf 93' lang='lat' dir='ltr'><strong>visum</strong></span> <span class='ocrx_word' id='word_1_107' title='bbox 1224 1936 1295 2012; x_wconf 87' lang='lat' dir='ltr'><strong>luit,</strong></span> 
     </span>
     <span class='ocr_line' id='line_1_16' title="bbox 203 2031 1292 2115; baseline 0.001 -19"><span class='ocrx_word' id='word_1_108' title='bbox 203 2031 330 2096; x_wconf 89' lang='lat' dir='ltr'><strong>candidi</strong></span> <span class='ocrx_word' id='word_1_109' title='bbox 354 2049 390 2096; x_wconf 91' lang='lat' dir='ltr'><strong>ac</strong></span> <span class='ocrx_word' id='word_1_110' title='bbox 412 2033 559 2096; x_wconf 87' lang='lat' dir='ltr'><strong>canonici</strong></span> <span class='ocrx_word' id='word_1_111' title='bbox 583 2033 915 2099; x_wconf 72' lang='lat' dir='ltr'><strong>praemonstratensis</strong></span> <span class='ocrx_word' id='word_1_112' title='bbox 938 2035 1063 2098; x_wconf 88' lang='lat' dir='ltr'><strong>ordinis</strong></span> <span class='ocrx_word' id='word_1_113' title='bbox 1088 2036 1212 2115; x_wconf 91' lang='lat' dir='ltr'><strong>patroni</strong></span> <span class='ocrx_word' id='word_1_114' title='bbox 1229 2036 1292 2110; x_wconf 88' lang='lat' dir='ltr'><strong>sui,</strong></span> 
     </span>
     <span class='ocr_line' id='line_1_17' title="bbox 204 2131 1299 2214; baseline 0.002 -19"><span class='ocrx_word' id='word_1_115' title='bbox 204 2132 306 2196; x_wconf 89' lang='lat' dir='ltr'><strong>sancti</strong></span> <span class='ocrx_word' id='word_1_116' title='bbox 329 2131 491 2203; x_wconf 88' lang='lat' dir='ltr'><strong>Norberti,</strong></span> <span class='ocrx_word' id='word_1_117' title='bbox 523 2132 666 2196; x_wconf 82' lang='lat' dir='ltr'><strong>habitum</strong></span> <span class='ocrx_word' id='word_1_118' title='bbox 697 2132 728 2194; x_wconf 91' lang='lat' dir='ltr'><strong>in</strong></span> <span class='ocrx_word' id='word_1_119' title='bbox 760 2131 943 2198; x_wconf 82' lang='lat' dir='ltr'><strong>Averbodio</strong></span> <span class='ocrx_word' id='word_1_120' title='bbox 971 2133 1146 2214; x_wconf 87' lang='lat' dir='ltr'><strong>postulare.</strong></span> <span class='ocrx_word' id='word_1_121' title='bbox 1181 2133 1299 2198; x_wconf 82' lang='lat' dir='ltr'><strong>pactus</strong></span> 
     </span>
     <span class='ocr_line' id='line_1_18' title="bbox 202 2231 1298 2310; baseline 0 -16"><span class='ocrx_word' id='word_1_122' title='bbox 202 2231 268 2296; x_wconf 83' lang='lat' dir='ltr'><strong>voti</strong></span> <span class='ocrx_word' id='word_1_123' title='bbox 310 2247 456 2310; x_wconf 85' lang='lat' dir='ltr'><strong>compos,</strong></span> <span class='ocrx_word' id='word_1_124' title='bbox 494 2232 547 2296; x_wconf 87' lang='lat' dir='ltr'><strong>die</strong></span> <span class='ocrx_word' id='word_1_125' title='bbox 588 2231 627 2294; x_wconf 68' lang='lat' dir='ltr'><strong>lb</strong></span> <span class='ocrx_word' id='word_1_126' title='bbox 665 2231 846 2296; x_wconf 92' lang='lat' dir='ltr'><strong>decembris</strong></span> <span class='ocrx_word' id='word_1_127' title='bbox 888 2231 969 2294; x_wconf 71' lang='lat' dir='ltr'><strong>libb</strong></span> <span class='ocrx_word' id='word_1_128' title='bbox 1005 2232 1147 2297; x_wconf 90' lang='lat' dir='ltr'><strong>babitum</strong></span> <span class='ocrx_word' id='word_1_129' title='bbox 1194 2232 1298 2296; x_wconf 91' lang='lat' dir='ltr'><strong>induit</strong></span> 
     </span>
     <span class='ocr_line' id='line_1_19' title="bbox 203 2329 1298 2411; baseline 0.005 -21"><span class='ocrx_word' id='word_1_130' title='bbox 203 2329 569 2406; x_wconf 72' lang='lat' dir='ltr'><strong>praemonstratensem,</strong></span> <span class='ocrx_word' id='word_1_131' title='bbox 587 2347 626 2395; x_wconf 90' lang='lat' dir='ltr'><strong>ac</strong></span> <span class='ocrx_word' id='word_1_132' title='bbox 651 2331 670 2394; x_wconf 86' lang='lat'>8</span> <span class='ocrx_word' id='word_1_133' title='bbox 696 2330 879 2395; x_wconf 80' lang='lat' dir='ltr'><strong>decembris</strong></span> <span class='ocrx_word' id='word_1_134' title='bbox 906 2331 986 2393; x_wconf 80' lang='lat' dir='ltr'><strong>titt</strong></span> <span class='ocrx_word' id='word_1_135' title='bbox 1012 2331 1194 2396; x_wconf 89' lang='lat' dir='ltr'><strong>institutum</strong></span> <span class='ocrx_word' id='word_1_136' title='bbox 1222 2349 1298 2411; x_wconf 93' lang='lat' dir='ltr'><strong>pro-</strong></span> 
     </span>
     <span class='ocr_line' id='line_1_20' title="bbox 201 2429 1295 2510; baseline 0.003 -21"><span class='ocrx_word' id='word_1_137' title='bbox 201 2429 321 2505; x_wconf 85' lang='lat' dir='ltr'><strong>tessus,</strong></span> <span class='ocrx_word' id='word_1_138' title='bbox 343 2429 483 2510; x_wconf 81' lang='lat' dir='ltr'><strong>Gregorii</strong></span> <span class='ocrx_word' id='word_1_139' title='bbox 507 2446 623 2495; x_wconf 91' lang='lat' dir='ltr'><strong>nomen</strong></span> <span class='ocrx_word' id='word_1_140' title='bbox 646 2430 782 2508; x_wconf 88' lang='lat' dir='ltr'><strong>accepit.</strong></span> <span class='ocrx_word' id='word_1_141' title='bbox 799 2429 880 2493; x_wconf 84' lang='lat' dir='ltr'><strong>l&#39;um</strong></span> <span class='ocrx_word' id='word_1_142' title='bbox 903 2429 1023 2494; x_wconf 90' lang='lat' dir='ltr'><strong>clarius</strong></span> <span class='ocrx_word' id='word_1_143' title='bbox 1052 2429 1192 2494; x_wconf 89' lang='lat' dir='ltr'><strong>emicare</strong></span> <span class='ocrx_word' id='word_1_144' title='bbox 1220 2435 1295 2493; x_wconf 79' lang='lat' dir='ltr'><strong>cde·</strong></span> 
     </span>
     <span class='ocr_line' id='line_1_21' title="bbox 202 2527 1296 2608; baseline -0.001 -17"><span class='ocrx_word' id='word_1_145' title='bbox 202 2535 318 2606; x_wconf 83' lang='lat' dir='ltr'><strong>parunt</strong></span> <span class='ocrx_word' id='word_1_146' title='bbox 329 2527 481 2591; x_wconf 87' lang='lat' dir='ltr'><strong>virtutum</strong></span> <span class='ocrx_word' id='word_1_147' title='bbox 494 2527 566 2607; x_wconf 89' lang='lat' dir='ltr'><strong>ejus</strong></span> <span class='ocrx_word' id='word_1_148' title='bbox 582 2527 674 2602; x_wconf 83' lang='lat' dir='ltr'><strong>radii,</strong></span> <span class='ocrx_word' id='word_1_149' title='bbox 689 2543 814 2591; x_wconf 94' lang='lat' dir='ltr'><strong>morum</strong></span> <span class='ocrx_word' id='word_1_150' title='bbox 827 2527 968 2608; x_wconf 87' lang='lat' dir='ltr'><strong>gravitas</strong></span> <span class='ocrx_word' id='word_1_151' title='bbox 984 2527 1102 2591; x_wconf 90' lang='lat' dir='ltr'><strong>blando</strong></span> <span class='ocrx_word' id='word_1_152' title='bbox 1117 2535 1296 2607; x_wconf 89' lang='lat' dir='ltr'><strong>temperata</strong></span> 
     </span>
     <span class='ocr_line' id='line_1_22' title="bbox 202 2623 1292 2704; baseline -0.001 -17"><span class='ocrx_word' id='word_1_153' title='bbox 202 2632 345 2704; x_wconf 88' lang='lat' dir='ltr'><strong>aspectu,</strong></span> <span class='ocrx_word' id='word_1_154' title='bbox 358 2624 408 2688; x_wconf 87' lang='lat' dir='ltr'><strong>vir</strong></span> <span class='ocrx_word' id='word_1_155' title='bbox 423 2623 456 2686; x_wconf 93' lang='lat' dir='ltr'><strong>in</strong></span> <span class='ocrx_word' id='word_1_156' title='bbox 469 2624 600 2704; x_wconf 77' lang='lat' dir='ltr'><strong>iuvene,</strong></span> <span class='ocrx_word' id='word_1_157' title='bbox 615 2624 814 2688; x_wconf 78' lang='lat' dir='ltr'><strong>indefessum</strong></span> <span class='ocrx_word' id='word_1_158' title='bbox 831 2625 958 2704; x_wconf 90' lang='lat' dir='ltr'><strong>pietatis</strong></span> <span class='ocrx_word' id='word_1_159' title='bbox 974 2624 1128 2700; x_wconf 89' lang='lat' dir='ltr'><strong>studium,</strong></span> <span class='ocrx_word' id='word_1_160' title='bbox 1143 2623 1292 2688; x_wconf 89' lang='lat' dir='ltr'><strong>discendi</strong></span> 
     </span>
     <span class='ocr_line' id='line_1_23' title="bbox 202 2721 1292 2802; baseline 0.002 -18"><span class='ocrx_word' id='word_1_161' title='bbox 202 2721 289 2786; x_wconf 83' lang='lat' dir='ltr'><strong>zelus</strong></span> <span class='ocrx_word' id='word_1_162' title='bbox 315 2730 347 2785; x_wconf 92' lang='lat' dir='ltr'><strong>et</strong></span> <span class='ocrx_word' id='word_1_163' title='bbox 372 2721 560 2801; x_wconf 88' lang='lat' dir='ltr'><strong>proficiendi</strong></span> <span class='ocrx_word' id='word_1_164' title='bbox 584 2723 692 2785; x_wconf 90' lang='lat' dir='ltr'><strong>ardor.</strong></span> <span class='ocrx_word' id='word_1_165' title='bbox 716 2721 930 2802; x_wconf 82' lang='lat' dir='ltr'><strong>Quapropter,</strong></span> <span class='ocrx_word' id='word_1_166' title='bbox 948 2723 1086 2802; x_wconf 88' lang='lat' dir='ltr'><strong>peractis</strong></span> <span class='ocrx_word' id='word_1_167' title='bbox 1111 2723 1144 2786; x_wconf 95' lang='lat' dir='ltr'><strong>in</strong></span> <span class='ocrx_word' id='word_1_168' title='bbox 1167 2739 1292 2786; x_wconf 91' lang='lat' dir='ltr'><strong>summa</strong></span> 
     </span>
     <span class='ocr_line' id='line_1_24' title="bbox 203 2819 1296 2900; baseline 0.004 -19"><span class='ocrx_word' id='word_1_169' title='bbox 203 2819 333 2900; x_wconf 89' lang='lat' dir='ltr'><strong>regulae</strong></span> <span class='ocrx_word' id='word_1_170' title='bbox 345 2828 377 2883; x_wconf 93' lang='lat' dir='ltr'><strong>et</strong></span> <span class='ocrx_word' id='word_1_171' title='bbox 392 2825 584 2884; x_wconf 90' lang='lat' dir='ltr'><strong>statutorum</strong></span> <span class='ocrx_word' id='word_1_172' title='bbox 597 2819 802 2884; x_wconf 88' lang='lat' dir='ltr'><strong>observantia</strong></span> <span class='ocrx_word' id='word_1_173' title='bbox 815 2820 867 2884; x_wconf 88' lang='lat' dir='ltr'><strong>vix</strong></span> <span class='ocrx_word' id='word_1_174' title='bbox 878 2821 1006 2886; x_wconf 93' lang='lat' dir='ltr'><strong>duobus</strong></span> <span class='ocrx_word' id='word_1_175' title='bbox 1021 2822 1127 2896; x_wconf 85' lang='lat' dir='ltr'><strong>annis,</strong></span> <span class='ocrx_word' id='word_1_176' title='bbox 1145 2821 1296 2886; x_wconf 92' lang='lat' dir='ltr'><strong>altiorum</strong></span> 
     </span>
     <span class='ocr_line' id='line_1_25' title="bbox 203 2917 1293 3002; baseline 0.003 -21"><span class='ocrx_word' id='word_1_177' title='bbox 203 2917 383 2982; x_wconf 86' lang='lat' dir='ltr'><strong>studiorum</strong></span> <span class='ocrx_word' id='word_1_178' title='bbox 406 2933 503 2981; x_wconf 89' lang='lat' dir='ltr'><strong>cansa</strong></span> <span class='ocrx_word' id='word_1_179' title='bbox 520 2917 696 2981; x_wconf 83' lang='lat' dir='ltr'><strong>Luranium</strong></span> <span class='ocrx_word' id='word_1_180' title='bbox 720 2918 758 2981; x_wconf 92' lang='lat' dir='ltr'><strong>ad</strong></span> <span class='ocrx_word' id='word_1_181' title='bbox 782 2919 954 3002; x_wconf 80' lang='lat' dir='ltr'><strong>collegium</strong></span> <span class='ocrx_word' id='word_1_182' title='bbox 972 2920 1293 2984; x_wconf 71' lang='lat' dir='ltr'><strong>praemonstratense</strong></span> 
     </span>
     <span class='ocr_line' id='line_1_26' title="bbox 204 3015 1291 3099; baseline 0.004 -21"><span class='ocrx_word' id='word_1_183' title='bbox 204 3015 348 3080; x_wconf 87' lang='lat' dir='ltr'><strong>mittitur.</strong></span> <span class='ocrx_word' id='word_1_184' title='bbox 381 3015 439 3080; x_wconf 88' lang='lat' dir='ltr'><strong>llio</strong></span> <span class='ocrx_word' id='word_1_185' title='bbox 468 3015 608 3079; x_wconf 91' lang='lat' dir='ltr'><strong>innatam</strong></span> <span class='ocrx_word' id='word_1_186' title='bbox 641 3017 793 3096; x_wconf 88' lang='lat' dir='ltr'><strong>pietatem</strong></span> <span class='ocrx_word' id='word_1_187' title='bbox 829 3033 901 3082; x_wconf 88' lang='lat' dir='ltr'><strong>oum</strong></span> <span class='ocrx_word' id='word_1_188' title='bbox 932 3018 1040 3082; x_wconf 91' lang='lat' dir='ltr'><strong>studio</strong></span> <span class='ocrx_word' id='word_1_189' title='bbox 1077 3018 1291 3099; x_wconf 76' lang='lat' dir='ltr'><strong>coniungens,</strong></span> 
     </span>
     <span class='ocr_line' id='line_1_27' title="bbox 202 3115 1296 3197; baseline 0.004 -19"><span class='ocrx_word' id='word_1_190' title='bbox 202 3115 308 3180; x_wconf 90' lang='lat' dir='ltr'><strong>bausit</strong></span> <span class='ocrx_word' id='word_1_191' title='bbox 330 3115 361 3178; x_wconf 96' lang='lat' dir='ltr'><strong>in</strong></span> <span class='ocrx_word' id='word_1_192' title='bbox 385 3124 527 3190; x_wconf 89' lang='lat' dir='ltr'><strong>secreto,</strong></span> <span class='ocrx_word' id='word_1_193' title='bbox 544 3115 629 3196; x_wconf 90' lang='lat' dir='ltr'><strong>quod</strong></span> <span class='ocrx_word' id='word_1_194' title='bbox 654 3117 810 3196; x_wconf 89' lang='lat' dir='ltr'><strong>temporis</strong></span> <span class='ocrx_word' id='word_1_195' title='bbox 833 3117 925 3197; x_wconf 87' lang='lat' dir='ltr'><strong>lapsu</strong></span> <span class='ocrx_word' id='word_1_196' title='bbox 949 3117 1102 3182; x_wconf 83' lang='lat' dir='ltr'><strong>iratribus</strong></span> <span class='ocrx_word' id='word_1_197' title='bbox 1129 3118 1198 3182; x_wconf 90' lang='lat' dir='ltr'><strong>sois</strong></span> <span class='ocrx_word' id='word_1_198' title='bbox 1222 3135 1296 3197; x_wconf 92' lang='lat' dir='ltr'><strong>pro·</strong></span> 
     </span>
     <span class='ocr_line' id='line_1_28' title="bbox 202 3214 1292 3297; baseline 0.002 -20"><span class='ocrx_word' id='word_1_199' title='bbox 202 3231 288 3279; x_wconf 89' lang='lat' dir='ltr'><strong>mero</strong></span> <span class='ocrx_word' id='word_1_200' title='bbox 310 3214 455 3280; x_wconf 88' lang='lat' dir='ltr'><strong>deberet.</strong></span> <span class='ocrx_word' id='word_1_201' title='bbox 482 3214 617 3279; x_wconf 86' lang='lat' dir='ltr'><strong>Domum</strong></span> <span class='ocrx_word' id='word_1_202' title='bbox 640 3225 820 3288; x_wconf 87' lang='lat' dir='ltr'><strong>revocatus,</strong></span> <span class='ocrx_word' id='word_1_203' title='bbox 842 3232 954 3280; x_wconf 87' lang='lat' dir='ltr'><strong>sacrae</strong></span> <span class='ocrx_word' id='word_1_204' title='bbox 977 3216 1160 3297; x_wconf 82' lang='lat' dir='ltr'><strong>theologiae</strong></span> <span class='ocrx_word' id='word_1_205' title='bbox 1182 3215 1292 3280; x_wconf 83' lang='lat' dir='ltr'><strong>eatba-</strong></span> 
     </span>
     <span class='ocr_line' id='line_1_29' title="bbox 199 3311 1293 3395; baseline -0.002 -18"><span class='ocrx_word' id='word_1_206' title='bbox 199 3313 289 3379; x_wconf 87' lang='lat' dir='ltr'><strong>dram</strong></span> <span class='ocrx_word' id='word_1_207' title='bbox 301 3311 321 3376; x_wconf 83' lang='lat'>8</span> <span class='ocrx_word' id='word_1_208' title='bbox 334 3312 529 3394; x_wconf 79' lang='lat' dir='ltr'><strong>septembris</strong></span> <span class='ocrx_word' id='word_1_209' title='bbox 545 3312 623 3376; x_wconf 75' lang='lat'>¹765</span> <span class='ocrx_word' id='word_1_210' title='bbox 638 3313 796 3389; x_wconf 87' lang='lat' dir='ltr'><strong>ascendit,</strong></span> <span class='ocrx_word' id='word_1_211' title='bbox 810 3314 914 3378; x_wconf 88' lang='lat' dir='ltr'><strong>sancti</strong></span> <span class='ocrx_word' id='word_1_212' title='bbox 930 3314 1031 3395; x_wconf 91' lang='lat' dir='ltr'><strong>patris</strong></span> <span class='ocrx_word' id='word_1_213' title='bbox 1047 3314 1097 3378; x_wconf 88' lang='lat' dir='ltr'><strong>sni</strong></span> <span class='ocrx_word' id='word_1_214' title='bbox 1112 3313 1293 3395; x_wconf 77' lang='lat' dir='ltr'><strong>Augustini,</strong></span> 
     </span>
    </p>
   </div>
   <div class='ocr_carea' id='block_1_3' title="bbox 200 3407 1410 3494">
    <p class='ocr_par' dir='ltr' id='par_1_3' title="bbox 200 3407 1410 3494">
     <span class='ocr_line' id='line_1_30' title="bbox 200 3407 1410 3494; baseline -0.002 -18"><span class='ocrx_word' id='word_1_215' title='bbox 200 3412 302 3478; x_wconf 88' lang='lat' dir='ltr'><strong>sancti</strong></span> <span class='ocrx_word' id='word_1_216' title='bbox 324 3409 466 3476; x_wconf 85' lang='lat' dir='ltr'><strong>Tbomae</strong></span> <span class='ocrx_word' id='word_1_217' title='bbox 487 3407 667 3492; x_wconf 76' lang='lat' dir='ltr'><strong>Aquinatis,</strong></span> <span class='ocrx_word' id='word_1_218' title='bbox 693 3411 925 3494; x_wconf 85' lang='lat' dir='ltr'><strong>doctrinaeque</strong></span> <span class='ocrx_word' id='word_1_219' title='bbox 948 3413 1160 3478; x_wconf 73' lang='lat' dir='ltr'><strong>lovaniensis</strong></span> <span class='ocrx_word' id='word_1_220' title='bbox 1184 3429 1294 3477; x_wconf 90' lang='lat' dir='ltr'><strong>aemu-</strong></span> <span class='ocrx_word' id='word_1_221' title='bbox 1404 3413 1410 3424; x_wconf 89' lang='lat'>&#39;</span> 
     </span>
    </p>
   </div>
   <div class='ocr_carea' id='block_1_4' title="bbox 198 3509 1295 4087">
    <p class='ocr_par' dir='ltr' id='par_1_4' title="bbox 198 3509 1295 4087">
     <span class='ocr_line' id='line_1_31' title="bbox 199 3509 1295 3594; baseline 0.001 -20"><span class='ocrx_word' id='word_1_222' title='bbox 199 3513 280 3576; x_wconf 89' lang='lat' dir='ltr'><strong>lator</strong></span> <span class='ocrx_word' id='word_1_223' title='bbox 307 3511 475 3586; x_wconf 87' lang='lat' dir='ltr'><strong>maximus,</strong></span> <span class='ocrx_word' id='word_1_224' title='bbox 499 3509 544 3575; x_wconf 91' lang='lat' dir='ltr'><strong>uti</strong></span> <span class='ocrx_word' id='word_1_225' title='bbox 570 3523 603 3575; x_wconf 85' lang='lat' dir='ltr'><strong>ct</strong></span> <span class='ocrx_word' id='word_1_226' title='bbox 632 3511 807 3576; x_wconf 90' lang='lat' dir='ltr'><strong>novitatum</strong></span> <span class='ocrx_word' id='word_1_227' title='bbox 836 3512 906 3594; x_wconf 83' lang='lat' dir='ltr'><strong>ejus</strong></span> <span class='ocrx_word' id='word_1_228' title='bbox 933 3513 1088 3594; x_wconf 87' lang='lat' dir='ltr'><strong>temporis</strong></span> <span class='ocrx_word' id='word_1_229' title='bbox 1114 3512 1295 3576; x_wconf 90' lang='lat' dir='ltr'><strong>acerrimus</strong></span> 
     </span>
     <span class='ocr_line' id='line_1_32' title="bbox 198 3607 1295 3692; baseline -0.002 -18"><span class='ocrx_word' id='word_1_230' title='bbox 198 3625 286 3674; x_wconf 92' lang='lat' dir='ltr'><strong>osor.</strong></span> <span class='ocrx_word' id='word_1_231' title='bbox 304 3609 421 3674; x_wconf 87' lang='lat' dir='ltr'><strong>Verum</strong></span> <span class='ocrx_word' id='word_1_232' title='bbox 438 3609 477 3672; x_wconf 88' lang='lat' dir='ltr'><strong>ad</strong></span> <span class='ocrx_word' id='word_1_233' title='bbox 493 3607 606 3672; x_wconf 91' lang='lat' dir='ltr'><strong>altiora</strong></span> <span class='ocrx_word' id='word_1_234' title='bbox 622 3619 730 3685; x_wconf 90' lang='lat' dir='ltr'><strong>natus,</strong></span> <span class='ocrx_word' id='word_1_235' title='bbox 747 3609 896 3676; x_wconf 84' lang='lat' dir='ltr'><strong>abbatiae</strong></span> <span class='ocrx_word' id='word_1_236' title='bbox 918 3611 1068 3692; x_wconf 91' lang='lat' dir='ltr'><strong>provisor</strong></span> <span class='ocrx_word' id='word_1_237' title='bbox 1085 3609 1295 3676; x_wconf 89' lang='lat' dir='ltr'><strong>constituitur</strong></span> 
     </span>
     <span class='ocr_line' id='line_1_33' title="bbox 199 3707 1293 3790; baseline 0.001 -19"><span class='ocrx_word' id='word_1_238' title='bbox 199 3707 254 3772; x_wconf 92' lang='lat' dir='ltr'><strong>die</strong></span> <span class='ocrx_word' id='word_1_239' title='bbox 277 3709 316 3770; x_wconf 72' lang='lat' dir='ltr'><strong>pl</strong></span> <span class='ocrx_word' id='word_1_240' title='bbox 338 3708 420 3788; x_wconf 82' lang='lat' dir='ltr'><strong>junii</strong></span> <span class='ocrx_word' id='word_1_241' title='bbox 451 3707 544 3782; x_wconf 72' lang='lat'><strong>1772,</strong></span> <span class='ocrx_word' id='word_1_242' title='bbox 572 3723 697 3772; x_wconf 87' lang='lat' dir='ltr'><strong>summa</strong></span> <span class='ocrx_word' id='word_1_243' title='bbox 724 3725 796 3773; x_wconf 89' lang='lat' dir='ltr'><strong>oum</strong></span> <span class='ocrx_word' id='word_1_244' title='bbox 823 3710 919 3776; x_wconf 87' lang='lat' dir='ltr'><strong>laude</strong></span> <span class='ocrx_word' id='word_1_245' title='bbox 949 3725 1007 3790; x_wconf 90' lang='lat' dir='ltr'><strong>per</strong></span> <span class='ocrx_word' id='word_1_246' title='bbox 1033 3709 1072 3773; x_wconf 90' lang='lat' dir='ltr'><strong>l8</strong></span> <span class='ocrx_word' id='word_1_247' title='bbox 1098 3725 1201 3773; x_wconf 77' lang='lat' dir='ltr'><strong>aranos</strong></span> <span class='ocrx_word' id='word_1_248' title='bbox 1230 3709 1293 3772; x_wconf 92' lang='lat' dir='ltr'><strong>boc</strong></span> 
     </span>
     <span class='ocr_line' id='line_1_34' title="bbox 199 3805 1290 3890; baseline -0.002 -20"><span class='ocrx_word' id='word_1_249' title='bbox 199 3821 333 3870; x_wconf 89' lang='lat' dir='ltr'><strong>munere</strong></span> <span class='ocrx_word' id='word_1_250' title='bbox 346 3807 488 3875; x_wconf 82' lang='lat' dir='ltr'><strong>iunctus.</strong></span> <span class='ocrx_word' id='word_1_251' title='bbox 506 3807 634 3871; x_wconf 86' lang='lat' dir='ltr'><strong>cunctis</strong></span> <span class='ocrx_word' id='word_1_252' title='bbox 649 3805 799 3882; x_wconf 82' lang='lat' dir='ltr'><strong>affabilis,</strong></span> <span class='ocrx_word' id='word_1_253' title='bbox 817 3809 929 3889; x_wconf 79' lang='lat' dir='ltr'><strong>egenis</strong></span> <span class='ocrx_word' id='word_1_254' title='bbox 945 3809 1066 3890; x_wconf 88' lang='lat' dir='ltr'><strong>largus,</strong></span> <span class='ocrx_word' id='word_1_255' title='bbox 1084 3825 1181 3874; x_wconf 89' lang='lat' dir='ltr'><strong>verus</strong></span> <span class='ocrx_word' id='word_1_256' title='bbox 1199 3817 1290 3888; x_wconf 82' lang='lat' dir='ltr'><strong>pater</strong></span> 
     </span>
     <span class='ocr_line' id='line_1_35' title="bbox 199 3903 1291 3986; baseline 0 -18"><span class='ocrx_word' id='word_1_257' title='bbox 199 3920 387 3986; x_wconf 91' lang='lat' dir='ltr'><strong>pauperum,</strong></span> <span class='ocrx_word' id='word_1_258' title='bbox 403 3903 591 3984; x_wconf 86' lang='lat' dir='ltr'><strong>temporalia</strong></span> <span class='ocrx_word' id='word_1_259' title='bbox 606 3903 722 3971; x_wconf 90' lang='lat' dir='ltr'><strong>domus</strong></span> <span class='ocrx_word' id='word_1_260' title='bbox 738 3906 787 3970; x_wconf 92' lang='lat' dir='ltr'><strong>sic</strong></span> <span class='ocrx_word' id='word_1_261' title='bbox 804 3923 922 3971; x_wconf 91' lang='lat' dir='ltr'><strong>curans</strong></span> <span class='ocrx_word' id='word_1_262' title='bbox 937 3907 1034 3982; x_wconf 89' lang='lat' dir='ltr'><strong>bona,</strong></span> <span class='ocrx_word' id='word_1_263' title='bbox 1053 3917 1086 3972; x_wconf 93' lang='lat' dir='ltr'><strong>ut</strong></span> <span class='ocrx_word' id='word_1_264' title='bbox 1102 3915 1209 3976; x_wconf 85' lang='lat' dir='ltr'><strong>mente</strong></span> <span class='ocrx_word' id='word_1_265' title='bbox 1225 3922 1291 3970; x_wconf 92' lang='lat' dir='ltr'><strong>nun</strong></span> 
     </span>
     <span class='ocr_line' id='line_1_36' title="bbox 199 4003 1293 4087; baseline -0.002 -18"><span class='ocrx_word' id='word_1_266' title='bbox 199 4003 349 4084; x_wconf 87' lang='lat' dir='ltr'><strong>perderet</strong></span> <span class='ocrx_word' id='word_1_267' title='bbox 370 4009 510 4078; x_wconf 86' lang='lat' dir='ltr'><strong>aeterna,</strong></span> <span class='ocrx_word' id='word_1_268' title='bbox 536 4004 685 4068; x_wconf 91' lang='lat' dir='ltr'><strong>omnibus</strong></span> <span class='ocrx_word' id='word_1_269' title='bbox 709 4004 848 4087; x_wconf 88' lang='lat' dir='ltr'><strong>denique</strong></span> <span class='ocrx_word' id='word_1_270' title='bbox 871 4006 978 4070; x_wconf 89' lang='lat' dir='ltr'><strong>omnia</strong></span> <span class='ocrx_word' id='word_1_271' title='bbox 1002 4006 1116 4071; x_wconf 85' lang='lat' dir='ltr'><strong>iactus.</strong></span> <span class='ocrx_word' id='word_1_272' title='bbox 1133 4005 1213 4069; x_wconf 89' lang='lat' dir='ltr'><strong>·Non</strong></span> <span class='ocrx_word' id='word_1_273' title='bbox 1238 4003 1293 4068; x_wconf 85' lang='lat' dir='ltr'><strong>bic</strong></span> 
     </span>
    </p>
   </div>
   <div class='ocr_carea' id='block_1_5' title="bbox 197 4101 1293 4285">
    <p class='ocr_par' dir='ltr' id='par_1_5' title="bbox 197 4101 1293 4285">
     <span class='ocr_line' id='line_1_37' title="bbox 198 4101 1293 4188; baseline 0.001 -23"><span class='ocrx_word' id='word_1_274' title='bbox 198 4101 331 4185; x_wconf 86' lang='lat' dir='ltr'><strong>gradum</strong></span> <span class='ocrx_word' id='word_1_275' title='bbox 347 4101 436 4169; x_wconf 88' lang='lat' dir='ltr'><strong>stetit</strong></span> <span class='ocrx_word' id='word_1_276' title='bbox 448 4101 646 4184; x_wconf 82' lang='lat' dir='ltr'><strong>Gregorius:</strong></span> <span class='ocrx_word' id='word_1_277' title='bbox 664 4101 811 4184; x_wconf 87' lang='lat' dir='ltr'><strong>digniora</strong></span> <span class='ocrx_word' id='word_1_278' title='bbox 824 4119 954 4186; x_wconf 88' lang='lat' dir='ltr'><strong>semper</strong></span> <span class='ocrx_word' id='word_1_279' title='bbox 970 4114 1094 4186; x_wconf 87' lang='lat' dir='ltr'><strong>petens,</strong></span> <span class='ocrx_word' id='word_1_280' title='bbox 1107 4103 1148 4168; x_wconf 94' lang='lat' dir='ltr'><strong>ab</strong></span> <span class='ocrx_word' id='word_1_281' title='bbox 1160 4101 1293 4188; x_wconf 81' lang='lat' dir='ltr'><strong>amplis·</strong></span> 
     </span>
     <span class='ocr_line' id='line_1_38' title="bbox 197 4200 1288 4285; baseline 0 -19"><span class='ocrx_word' id='word_1_282' title='bbox 197 4201 290 4266; x_wconf 87' lang='lat' dir='ltr'><strong>simis</strong></span> <span class='ocrx_word' id='word_1_283' title='bbox 305 4200 460 4267; x_wconf 89' lang='lat' dir='ltr'><strong>ciroariao</strong></span> <span class='ocrx_word' id='word_1_284' title='bbox 478 4201 684 4268; x_wconf 83' lang='lat' dir='ltr'><strong>Brabanticae</strong></span> <span class='ocrx_word' id='word_1_285' title='bbox 707 4202 874 4269; x_wconf 90' lang='lat' dir='ltr'><strong>abbatibus</strong></span> <span class='ocrx_word' id='word_1_286' title='bbox 899 4204 1027 4285; x_wconf 88' lang='lat' dir='ltr'><strong>collegii</strong></span> <span class='ocrx_word' id='word_1_287' title='bbox 1045 4204 1288 4270; x_wconf 85' lang='lat' dir='ltr'><strong>praemonstra·</strong></span> 
     </span>
    </p>
   </div>
   <div class='ocr_carea' id='block_1_6' title="bbox 0 0 1598 4942">
    <p class='ocr_par' dir='ltr' id='par_1_6' title="bbox 0 0 1598 4942">
     <span class='ocr_line' id='line_1_39' title="bbox 0 0 1598 4942; baseline 0 2"><span class='ocrx_word' id='word_1_288' title='bbox 0 0 1598 4942; x_wconf 95' lang='lat' dir='ltr'><strong> </strong></span> 
     </span>
    </p>
   </div>
  </div>
 </body>
</html>
