<?xml version="1.0" encoding="UTF-8"?>
<!DOCTYPE html PUBLIC "-//W3C//DTD XHTML 1.0 Transitional//EN"
    "http://www.w3.org/TR/xhtml1/DTD/xhtml1-transitional.dtd">
<html xmlns="http://www.w3.org/1999/xhtml" xml:lang="en" lang="en">
 <head>
  <title>
</title>
<meta http-equiv="Content-Type" content="text/html;charset=utf-8" />
  <meta name='ocr-system' content='tesseract 3.04.00' />
  <meta name='ocr-capabilities' content='ocr_page ocr_carea ocr_par ocr_line ocrx_word'/>
</head>
<body>
  <div class='ocr_page' id='page_1' title='image "./documentsrelati01reusgoog/documentsrelati01reusgoog_0376.png"; bbox 0 0 3158 4952; ppageno 0'>
   <div class='ocr_carea' id='block_1_1' title="bbox 728 441 913 507">
    <p class='ocr_par' dir='ltr' id='par_1_1' title="bbox 728 441 913 507">
     <span class='ocr_line' id='line_1_1' title="bbox 728 441 913 507; baseline -0.005 -18"><span class='ocrx_word' id='word_1_1' title='bbox 728 441 913 507; x_wconf 61' lang='grc'>-369,</span> 
     </span>
    </p>
   </div>
   <div class='ocr_carea' id='block_1_2' title="bbox 274 621 1364 798">
    <p class='ocr_par' dir='ltr' id='par_1_2' title="bbox 274 621 1364 798">
     <span class='ocr_line' id='line_1_2' title="bbox 274 621 1364 698; baseline 0.001 -7"><span class='ocrx_word' id='word_1_2' title='bbox 274 635 459 698; x_wconf 78' lang='lat' dir='ltr'><strong>connectunt,</strong></span> <span class='ocrx_word' id='word_1_3' title='bbox 484 623 676 690; x_wconf 76' lang='lat' dir='ltr'><strong>examinent.</strong></span> <span class='ocrx_word' id='word_1_4' title='bbox 705 621 743 688; x_wconf 83' lang='lat' dir='ltr'><strong>Et</strong></span> <span class='ocrx_word' id='word_1_5' title='bbox 773 623 822 688; x_wconf 91' lang='lat' dir='ltr'><strong>sio</strong></span> <span class='ocrx_word' id='word_1_6' title='bbox 848 623 1010 690; x_wconf 78' lang='lat' dir='ltr'><strong>conclusit</strong></span> <span class='ocrx_word' id='word_1_7' title='bbox 1035 623 1186 690; x_wconf 89' lang='lat' dir='ltr'><strong>dominus</strong></span> <span class='ocrx_word' id='word_1_8' title='bbox 1207 624 1364 692; x_wconf 85' lang='lat' dir='ltr'><strong>decanus.</strong></span> 
     </span>
     <span class='ocr_line' id='line_1_3' title="bbox 274 721 765 798; baseline -0.008 -10"><span class='ocrx_word' id='word_1_9' title='bbox 274 724 365 798; x_wconf 74' lang='lat' dir='ltr'><strong>Acta,</strong></span> <span class='ocrx_word' id='word_1_10' title='bbox 384 723 463 797; x_wconf 83' lang='lat' dir='ltr'><strong>vill,</strong></span> <span class='ocrx_word' id='word_1_11' title='bbox 483 723 536 788; x_wconf 87' lang='lat' dir='ltr'><strong>iol.</strong></span> <span class='ocrx_word' id='word_1_12' title='bbox 552 721 613 785; x_wconf 68' lang='lat' dir='ltr'><strong>bil</strong></span> <span class='ocrx_word' id='word_1_13' title='bbox 628 733 658 785; x_wconf 62' lang='grc' dir='ltr'><strong>νῦ</strong></span> <span class='ocrx_word' id='word_1_14' title='bbox 674 731 705 787; x_wconf 90' lang='lat' dir='ltr'><strong>et</strong></span> <span class='ocrx_word' id='word_1_15' title='bbox 719 734 765 784; x_wconf 72' lang='grc' dir='ltr'><strong>νο.</strong></span> 
     </span>
    </p>
   </div>
   <div class='ocr_carea' id='block_1_3' title="bbox 260 852 1402 4096">
    <p class='ocr_par' dir='ltr' id='par_1_3' title="bbox 260 852 1402 4096">
     <span class='ocr_line' id='line_1_4' title="bbox 315 852 1364 936; baseline -0.001 -15"><span class='ocrx_word' id='word_1_16' title='bbox 315 857 374 921; x_wconf 86' lang='lat' dir='ltr'><strong>liic</strong></span> <span class='ocrx_word' id='word_1_17' title='bbox 388 854 469 932; x_wconf 86' lang='lat' dir='ltr'><strong>lune,</strong></span> <span class='ocrx_word' id='word_1_18' title='bbox 485 855 555 933; x_wconf 79' lang='lat' dir='ltr'><strong>ccii</strong></span> <span class='ocrx_word' id='word_1_19' title='bbox 568 855 682 918; x_wconf 80' lang='lat' dir='ltr'><strong>mensis</strong></span> <span class='ocrx_word' id='word_1_20' title='bbox 696 853 824 918; x_wconf 76' lang='lat' dir='ltr'><strong>octobris</strong></span> <span class='ocrx_word' id='word_1_21' title='bbox 840 852 933 929; x_wconf 78' lang='lat'><strong>1565,</strong></span> <span class='ocrx_word' id='word_1_22' title='bbox 951 853 1070 919; x_wconf 88' lang='lat' dir='ltr'><strong>indicta</strong></span> <span class='ocrx_word' id='word_1_23' title='bbox 1088 853 1146 920; x_wconf 90' lang='lat' dir='ltr'><strong>luit</strong></span> <span class='ocrx_word' id='word_1_24' title='bbox 1158 854 1364 936; x_wconf 83' lang='lat' dir='ltr'><strong>conguegatio</strong></span> 
     </span>
     <span class='ocr_line' id='line_1_5' title="bbox 273 952 1363 1028; baseline -0.003 -6"><span class='ocrx_word' id='word_1_25' title='bbox 273 952 524 1022; x_wconf 73' lang='lat' dir='ltr'><strong>extraordinaria</strong></span> <span class='ocrx_word' id='word_1_26' title='bbox 537 953 622 1017; x_wconf 85' lang='lat' dir='ltr'><strong>cinca</strong></span> <span class='ocrx_word' id='word_1_27' title='bbox 635 952 994 1018; x_wconf 84' lang='lat' dir='ltr'><strong>nommdccimamante</strong></span> <span class='ocrx_word' id='word_1_28' title='bbox 1007 953 1228 1028; x_wconf 80' lang='lat' dir='ltr'><strong>menidiemin</strong></span> <span class='ocrx_word' id='word_1_29' title='bbox 1241 953 1363 1019; x_wconf 89' lang='lat' dir='ltr'><strong>sobolis</strong></span> 
     </span>
     <span class='ocr_line' id='line_1_6' title="bbox 273 1049 1362 1133; baseline -0.001 -14"><span class='ocrx_word' id='word_1_30' title='bbox 273 1053 401 1128; x_wconf 85' lang='lat' dir='ltr'><strong>antium,</strong></span> <span class='ocrx_word' id='word_1_31' title='bbox 426 1052 464 1116; x_wconf 91' lang='lat' dir='ltr'><strong>ad</strong></span> <span class='ocrx_word' id='word_1_32' title='bbox 489 1049 682 1118; x_wconf 88' lang='lat' dir='ltr'><strong>audiendum</strong></span> <span class='ocrx_word' id='word_1_33' title='bbox 706 1051 818 1116; x_wconf 83' lang='lat' dir='ltr'><strong>nolenti</strong></span> <span class='ocrx_word' id='word_1_34' title='bbox 842 1060 911 1115; x_wconf 87' lang='lat' dir='ltr'><strong>acta</strong></span> <span class='ocrx_word' id='word_1_35' title='bbox 934 1051 1157 1131; x_wconf 77' lang='lat' dir='ltr'>deputatorum</span> <span class='ocrx_word' id='word_1_36' title='bbox 1180 1053 1211 1114; x_wconf 95' lang='lat' dir='ltr'><strong>in</strong></span> <span class='ocrx_word' id='word_1_37' title='bbox 1235 1053 1362 1133; x_wconf 85' lang='lat' dir='ltr'><strong>negotio</strong></span> 
     </span>
     <span class='ocr_line' id='line_1_7' title="bbox 274 1149 1360 1234; baseline 0 -17"><span class='ocrx_word' id='word_1_38' title='bbox 274 1151 440 1234; x_wconf 73' lang='lat' dir='ltr'><strong>pedagogi</strong></span> <span class='ocrx_word' id='word_1_39' title='bbox 458 1149 616 1224; x_wconf 78' lang='lat' dir='ltr'>Falconis,</span> <span class='ocrx_word' id='word_1_40' title='bbox 633 1149 785 1214; x_wconf 84' lang='lat' dir='ltr'><strong>uidelicet</strong></span> <span class='ocrx_word' id='word_1_41' title='bbox 806 1159 978 1229; x_wconf 82' lang='lat' dir='ltr'><strong>computus</strong></span> <span class='ocrx_word' id='word_1_42' title='bbox 994 1167 1068 1214; x_wconf 92' lang='lat' dir='ltr'><strong>cum</strong></span> <span class='ocrx_word' id='word_1_43' title='bbox 1086 1161 1218 1232; x_wconf 80' lang='lat' dir='ltr'><strong>regente</strong></span> <span class='ocrx_word' id='word_1_44' title='bbox 1234 1152 1360 1217; x_wconf 85' lang='lat' dir='ltr'><strong>ltubitos</strong></span> 
     </span>
     <span class='ocr_line' id='line_1_8' title="bbox 273 1247 1359 1331; baseline -0.002 -15"><span class='ocrx_word' id='word_1_45' title='bbox 273 1260 417 1331; x_wconf 79' lang='lat' dir='ltr'><strong>tempure</strong></span> <span class='ocrx_word' id='word_1_46' title='bbox 432 1266 491 1314; x_wconf 93' lang='lat' dir='ltr'><strong>sue</strong></span> <span class='ocrx_word' id='word_1_47' title='bbox 506 1247 804 1320; x_wconf 79' lang='lat' dir='ltr'><strong>administrationis.</strong></span> <span class='ocrx_word' id='word_1_48' title='bbox 824 1259 855 1312; x_wconf 92' lang='lat' dir='ltr'><strong>et</strong></span> <span class='ocrx_word' id='word_1_49' title='bbox 870 1248 932 1312; x_wconf 90' lang='lat' dir='ltr'><strong>alia</strong></span> <span class='ocrx_word' id='word_1_50' title='bbox 950 1247 1034 1313; x_wconf 90' lang='lat' dir='ltr'><strong>idem</strong></span> <span class='ocrx_word' id='word_1_51' title='bbox 1051 1250 1214 1330; x_wconf 73' lang='lat' dir='ltr'><strong>negotium</strong></span> <span class='ocrx_word' id='word_1_52' title='bbox 1229 1267 1359 1316; x_wconf 83' lang='lat' dir='ltr'><strong>concen-</strong></span> 
     </span>
     <span class='ocr_line' id='line_1_9' title="bbox 272 1347 1356 1429; baseline 0 -15"><span class='ocrx_word' id='word_1_53' title='bbox 272 1349 390 1414; x_wconf 80' lang='lat' dir='ltr'><strong>nentia.</strong></span> <span class='ocrx_word' id='word_1_54' title='bbox 407 1351 565 1423; x_wconf 85' lang='lat' dir='ltr'><strong>Quantunt</strong></span> <span class='ocrx_word' id='word_1_55' title='bbox 580 1347 620 1411; x_wconf 88' lang='lat' dir='ltr'><strong>ad</strong></span> <span class='ocrx_word' id='word_1_56' title='bbox 637 1347 722 1412; x_wconf 86' lang='lat' dir='ltr'><strong>bunc</strong></span> <span class='ocrx_word' id='word_1_57' title='bbox 736 1347 918 1422; x_wconf 85' lang='lat' dir='ltr'><strong>anticulum,</strong></span> <span class='ocrx_word' id='word_1_58' title='bbox 937 1359 1106 1429; x_wconf 86' lang='lat' dir='ltr'><strong>antequam</strong></span> <span class='ocrx_word' id='word_1_59' title='bbox 1129 1348 1220 1413; x_wconf 80' lang='lat' dir='ltr'><strong>benet</strong></span> <span class='ocrx_word' id='word_1_60' title='bbox 1239 1349 1356 1414; x_wconf 90' lang='lat' dir='ltr'><strong>delibe-</strong></span> 
     </span>
     <span class='ocr_line' id='line_1_10' title="bbox 272 1444 1360 1526; baseline 0.002 -16"><span class='ocrx_word' id='word_1_61' title='bbox 272 1447 366 1523; x_wconf 80' lang='lat' dir='ltr'><strong>ratio,</strong></span> <span class='ocrx_word' id='word_1_62' title='bbox 383 1446 533 1512; x_wconf 91' lang='lat' dir='ltr'><strong>dominus</strong></span> <span class='ocrx_word' id='word_1_63' title='bbox 548 1445 691 1512; x_wconf 87' lang='lat' dir='ltr'><strong>decanus</strong></span> <span class='ocrx_word' id='word_1_64' title='bbox 713 1444 887 1524; x_wconf 85' lang='lat' dir='ltr'><strong>[Waltenus</strong></span> <span class='ocrx_word' id='word_1_65' title='bbox 903 1445 1142 1526; x_wconf 82' lang='lat' dir='ltr'><strong>Angiportanus</strong></span> <span class='ocrx_word' id='word_1_66' title='bbox 1158 1447 1198 1512; x_wconf 88' lang='lat' dir='ltr'><strong>de</strong></span> <span class='ocrx_word' id='word_1_67' title='bbox 1214 1447 1360 1512; x_wconf 85' lang='lat' dir='ltr'><strong>(lonswa-</strong></span> 
     </span>
     <span class='ocr_line' id='line_1_11' title="bbox 273 1544 1359 1626; baseline 0.001 -14"><span class='ocrx_word' id='word_1_68' title='bbox 273 1545 383 1626; x_wconf 84' lang='lat' dir='ltr'><strong>nomia]</strong></span> <span class='ocrx_word' id='word_1_69' title='bbox 398 1544 634 1612; x_wconf 87' lang='lat' dir='ltr'><strong>descendense</strong></span> <span class='ocrx_word' id='word_1_70' title='bbox 659 1553 813 1626; x_wconf 79' lang='lat' dir='ltr'><strong>suggestu</strong></span> <span class='ocrx_word' id='word_1_71' title='bbox 841 1544 1009 1610; x_wconf 78' lang='lat' dir='ltr'><strong>substituit</strong></span> <span class='ocrx_word' id='word_1_72' title='bbox 1027 1545 1192 1612; x_wconf 90' lang='lat' dir='ltr'><strong>dominum</strong></span> <span class='ocrx_word' id='word_1_73' title='bbox 1215 1547 1359 1612; x_wconf 86' lang='lat' dir='ltr'><strong>lieentia-</strong></span> 
     </span>
     <span class='ocr_line' id='line_1_12' title="bbox 272 1643 1360 1724; baseline 0.004 -15"><span class='ocrx_word' id='word_1_74' title='bbox 272 1657 350 1720; x_wconf 85' lang='lat' dir='ltr'><strong>tum‚</strong></span> <span class='ocrx_word' id='word_1_75' title='bbox 378 1644 565 1724; x_wconf 74' lang='lat' dir='ltr'><strong>magistrum</strong></span> <span class='ocrx_word' id='word_1_76' title='bbox 594 1643 759 1708; x_wconf 75' lang='lat' dir='ltr'><strong>Nicolaum</strong></span> <span class='ocrx_word' id='word_1_77' title='bbox 785 1660 802 1708; x_wconf 93' lang='lat' dir='ltr'><strong>a</strong></span> <span class='ocrx_word' id='word_1_78' title='bbox 829 1643 986 1720; x_wconf 70' lang='lat' dir='ltr'><strong>braxinis,</strong></span> <span class='ocrx_word' id='word_1_79' title='bbox 1014 1644 1048 1708; x_wconf 93' lang='lat' dir='ltr'><strong>in</strong></span> <span class='ocrx_word' id='word_1_80' title='bbox 1074 1644 1302 1710; x_wconf 89' lang='lat' dir='ltr'><strong>vicedecanum</strong></span> <span class='ocrx_word' id='word_1_81' title='bbox 1328 1657 1360 1713; x_wconf 90' lang='lat' dir='ltr'><strong>ot</strong></span> 
     </span>
     <span class='ocr_line' id='line_1_13' title="bbox 271 1741 1359 1824; baseline 0.004 -18"><span class='ocrx_word' id='word_1_82' title='bbox 271 1743 368 1808; x_wconf 89' lang='lat' dir='ltr'><strong>exivit</strong></span> <span class='ocrx_word' id='word_1_83' title='bbox 378 1760 397 1807; x_wconf 89' lang='lat' dir='ltr'><strong>e</strong></span> <span class='ocrx_word' id='word_1_84' title='bbox 408 1743 480 1808; x_wconf 93' lang='lat' dir='ltr'><strong>loco</strong></span> <span class='ocrx_word' id='word_1_85' title='bbox 493 1742 766 1824; x_wconf 76' lang='lat' dir='ltr'><strong>congregationis.</strong></span> <span class='ocrx_word' id='word_1_86' title='bbox 781 1741 902 1807; x_wconf 85' lang='lat' dir='ltr'><strong>Deinde</strong></span> <span class='ocrx_word' id='word_1_87' title='bbox 917 1759 989 1808; x_wconf 90' lang='lat' dir='ltr'><strong>mox</strong></span> <span class='ocrx_word' id='word_1_88' title='bbox 1001 1743 1152 1809; x_wconf 91' lang='lat' dir='ltr'><strong>domiuus</strong></span> <span class='ocrx_word' id='word_1_89' title='bbox 1164 1754 1196 1810; x_wconf 87' lang='lat' dir='ltr'><strong>et</strong></span> <span class='ocrx_word' id='word_1_90' title='bbox 1209 1745 1359 1822; x_wconf 73' lang='lat' dir='ltr'><strong>magistet·</strong></span> 
     </span>
     <span class='ocr_line' id='line_1_14' title="bbox 273 1840 1360 1924; baseline 0.005 -20"><span class='ocrx_word' id='word_1_91' title='bbox 273 1841 427 1906; x_wconf 87' lang='lat' dir='ltr'><strong>blelobion</strong></span> <span class='ocrx_word' id='word_1_92' title='bbox 452 1842 609 1922; x_wconf 75' lang='lat' dir='ltr'><strong>llyltenoy,</strong></span> <span class='ocrx_word' id='word_1_93' title='bbox 634 1841 817 1906; x_wconf 81' lang='lat' dir='ltr'><strong>licentiatus</strong></span> <span class='ocrx_word' id='word_1_94' title='bbox 831 1840 1004 1924; x_wconf 82' lang='lat' dir='ltr'><strong>theologie,</strong></span> <span class='ocrx_word' id='word_1_95' title='bbox 1024 1859 1108 1908; x_wconf 90' lang='lat' dir='ltr'><strong>unus</strong></span> <span class='ocrx_word' id='word_1_96' title='bbox 1122 1844 1360 1911; x_wconf 80' lang='lat' dir='ltr'><strong>commissario-</strong></span> 
     </span>
     <span class='ocr_line' id='line_1_15' title="bbox 272 1940 1358 2023; baseline 0.004 -20"><span class='ocrx_word' id='word_1_97' title='bbox 272 1956 342 2006; x_wconf 82' lang='lat' dir='ltr'><strong>rum</strong></span> <span class='ocrx_word' id='word_1_98' title='bbox 366 1941 483 2021; x_wconf 84' lang='lat' dir='ltr'><strong>negotii</strong></span> <span class='ocrx_word' id='word_1_99' title='bbox 510 1941 677 2022; x_wconf 82' lang='lat' dir='ltr'><strong>pedagogii</strong></span> <span class='ocrx_word' id='word_1_100' title='bbox 702 1940 862 2013; x_wconf 81' lang='lat' dir='ltr'><strong>Falconis,</strong></span> <span class='ocrx_word' id='word_1_101' title='bbox 880 1941 956 2022; x_wconf 85' lang='lat' dir='ltr'><strong>legit</strong></span> <span class='ocrx_word' id='word_1_102' title='bbox 971 1941 1131 2023; x_wconf 81' lang='lat' dir='ltr'><strong>qualidum</strong></span> <span class='ocrx_word' id='word_1_103' title='bbox 1147 1943 1312 2007; x_wconf 88' lang='lat' dir='ltr'><strong>scedulam</strong></span> <span class='ocrx_word' id='word_1_104' title='bbox 1327 1943 1358 2007; x_wconf 93' lang='lat' dir='ltr'><strong>in</strong></span> 
     </span>
     <span class='ocr_line' id='line_1_16' title="bbox 272 2039 1357 2122; baseline 0.004 -20"><span class='ocrx_word' id='word_1_105' title='bbox 272 2039 364 2118; x_wconf 80' lang='lat' dir='ltr'><strong>plena</strong></span> <span class='ocrx_word' id='word_1_106' title='bbox 381 2040 541 2113; x_wconf 81' lang='lat' dir='ltr'><strong>facultate,</strong></span> <span class='ocrx_word' id='word_1_107' title='bbox 562 2039 779 2104; x_wconf 89' lang='lat' dir='ltr'><strong>continentem</strong></span> <span class='ocrx_word' id='word_1_108' title='bbox 799 2039 946 2105; x_wconf 82' lang='lat' dir='ltr'><strong>diversos</strong></span> <span class='ocrx_word' id='word_1_109' title='bbox 967 2040 1121 2105; x_wconf 78' lang='lat' dir='ltr'><strong>articulos</strong></span> <span class='ocrx_word' id='word_1_110' title='bbox 1136 2041 1241 2122; x_wconf 87' lang='lat' dir='ltr'><strong>quoad</strong></span> <span class='ocrx_word' id='word_1_111' title='bbox 1257 2041 1357 2106; x_wconf 89' lang='lat' dir='ltr'><strong>admi·</strong></span> 
     </span>
     <span class='ocr_line' id='line_1_17' title="bbox 272 2136 1356 2219; baseline 0.005 -19"><span class='ocrx_word' id='word_1_112' title='bbox 272 2137 492 2202; x_wconf 84' lang='lat' dir='ltr'><strong>nistnationem</strong></span> <span class='ocrx_word' id='word_1_113' title='bbox 508 2137 592 2202; x_wconf 85' lang='lat' dir='ltr'><strong>dioto</strong></span> <span class='ocrx_word' id='word_1_114' title='bbox 607 2136 723 2200; x_wconf 92' lang='lat' dir='ltr'><strong>domus</strong></span> <span class='ocrx_word' id='word_1_115' title='bbox 740 2154 797 2217; x_wconf 84' lang='lat' dir='ltr'><strong>pen</strong></span> <span class='ocrx_word' id='word_1_116' title='bbox 812 2137 923 2203; x_wconf 85' lang='lat' dir='ltr'><strong>decenn</strong></span> <span class='ocrx_word' id='word_1_117' title='bbox 939 2155 1043 2203; x_wconf 88' lang='lat' dir='ltr'><strong>annos</strong></span> <span class='ocrx_word' id='word_1_118' title='bbox 1066 2141 1254 2219; x_wconf 79' lang='lat' dir='ltr'><strong>oretenit0s;</strong></span> <span class='ocrx_word' id='word_1_119' title='bbox 1280 2141 1356 2206; x_wconf 92' lang='lat' dir='ltr'><strong>item</strong></span> 
     </span>
     <span class='ocr_line' id='line_1_18' title="bbox 269 2235 1357 2320; baseline 0.005 -22"><span class='ocrx_word' id='word_1_120' title='bbox 269 2253 332 2319; x_wconf 82' lang='lat' dir='ltr'><strong>quc</strong></span> <span class='ocrx_word' id='word_1_121' title='bbox 347 2253 446 2302; x_wconf 86' lang='lat' dir='ltr'><strong>onena</strong></span> <span class='ocrx_word' id='word_1_122' title='bbox 462 2235 596 2301; x_wconf 84' lang='lat' dir='ltr'><strong>incultas</strong></span> <span class='ocrx_word' id='word_1_123' title='bbox 611 2235 652 2300; x_wconf 91' lang='lat' dir='ltr'><strong>de</strong></span> <span class='ocrx_word' id='word_1_124' title='bbox 667 2236 751 2301; x_wconf 92' lang='lat' dir='ltr'><strong>dicta</strong></span> <span class='ocrx_word' id='word_1_125' title='bbox 767 2236 863 2300; x_wconf 91' lang='lat' dir='ltr'><strong>domo</strong></span> <span class='ocrx_word' id='word_1_126' title='bbox 879 2237 1088 2302; x_wconf 89' lang='lat' dir='ltr'><strong>sustinuisset</strong></span> <span class='ocrx_word' id='word_1_127' title='bbox 1101 2238 1131 2300; x_wconf 91' lang='lat' dir='ltr'><strong>in</strong></span> <span class='ocrx_word' id='word_1_128' title='bbox 1149 2239 1357 2320; x_wconf 83' lang='lat' dir='ltr'><strong>nepotationi-</strong></span> 
     </span>
     <span class='ocr_line' id='line_1_19' title="bbox 270 2336 1356 2421; baseline 0.004 -20"><span class='ocrx_word' id='word_1_129' title='bbox 270 2337 330 2401; x_wconf 90' lang='lat' dir='ltr'><strong>bus</strong></span> <span class='ocrx_word' id='word_1_130' title='bbox 353 2336 438 2400; x_wconf 91' lang='lat' dir='ltr'><strong>dicto</strong></span> <span class='ocrx_word' id='word_1_131' title='bbox 461 2346 778 2417; x_wconf 67' lang='lat' dir='ltr'><strong>temporaliumque</strong></span> <span class='ocrx_word' id='word_1_132' title='bbox 799 2337 919 2418; x_wconf 80' lang='lat' dir='ltr'><strong>glutias</strong></span> <span class='ocrx_word' id='word_1_133' title='bbox 935 2347 989 2402; x_wconf 87' lang='lat' dir='ltr'><strong>aut</strong></span> <span class='ocrx_word' id='word_1_134' title='bbox 1006 2337 1216 2404; x_wconf 87' lang='lat' dir='ltr'><strong>remissiones</strong></span> <span class='ocrx_word' id='word_1_135' title='bbox 1241 2356 1356 2421; x_wconf 83' lang='lat' dir='ltr'><strong>tegens</strong></span> 
     </span>
     <span class='ocr_line' id='line_1_20' title="bbox 268 2433 1356 2518; baseline 0.006 -19"><span class='ocrx_word' id='word_1_136' title='bbox 268 2452 286 2499; x_wconf 90' lang='lat' dir='ltr'><strong>a</strong></span> <span class='ocrx_word' id='word_1_137' title='bbox 303 2435 450 2500; x_wconf 79' lang='lat' dir='ltr'><strong>facultate</strong></span> <span class='ocrx_word' id='word_1_138' title='bbox 473 2435 649 2507; x_wconf 83' lang='lat' dir='ltr'><strong>habuisset,</strong></span> <span class='ocrx_word' id='word_1_139' title='bbox 667 2443 698 2498; x_wconf 90' lang='lat' dir='ltr'><strong>et</strong></span> <span class='ocrx_word' id='word_1_140' title='bbox 720 2433 858 2500; x_wconf 85' lang='lat' dir='ltr'><strong>itnaliten</strong></span> <span class='ocrx_word' id='word_1_141' title='bbox 875 2435 1036 2518; x_wconf 87' lang='lat' dir='ltr'><strong>inquibus</strong></span> <span class='ocrx_word' id='word_1_142' title='bbox 1053 2449 1234 2503; x_wconf 85' lang='lat' dir='ltr'><strong>remaneret</strong></span> <span class='ocrx_word' id='word_1_143' title='bbox 1249 2437 1356 2505; x_wconf 89' lang='lat' dir='ltr'><strong>dictus</strong></span> 
     </span>
     <span class='ocr_line' id='line_1_21' title="bbox 270 2533 1353 2618; baseline 0.006 -22"><span class='ocrx_word' id='word_1_144' title='bbox 270 2551 386 2616; x_wconf 81' lang='lat' dir='ltr'><strong>tegens</strong></span> <span class='ocrx_word' id='word_1_145' title='bbox 408 2533 568 2615; x_wconf 83' lang='lat' dir='ltr'><strong>obligatus</strong></span> <span class='ocrx_word' id='word_1_146' title='bbox 590 2534 730 2598; x_wconf 77' lang='lat' dir='ltr'><strong>facultati</strong></span> <span class='ocrx_word' id='word_1_147' title='bbox 753 2551 791 2598; x_wconf 86' lang='lat' dir='ltr'><strong>ox</strong></span> <span class='ocrx_word' id='word_1_148' title='bbox 816 2533 901 2598; x_wconf 85' lang='lat' dir='ltr'><strong>linali</strong></span> <span class='ocrx_word' id='word_1_149' title='bbox 922 2552 994 2600; x_wconf 92' lang='lat' dir='ltr'><strong>oum</strong></span> <span class='ocrx_word' id='word_1_150' title='bbox 1011 2553 1050 2602; x_wconf 90' lang='lat' dir='ltr'><strong>eo</strong></span> <span class='ocrx_word' id='word_1_151' title='bbox 1066 2546 1217 2618; x_wconf 85' lang='lat' dir='ltr'><strong>computu</strong></span> <span class='ocrx_word' id='word_1_152' title='bbox 1235 2537 1353 2614; x_wconf 87' lang='lat' dir='ltr'><strong>babito,</strong></span> 
     </span>
     <span class='ocr_line' id='line_1_22' title="bbox 268 2631 1354 2718; baseline 0.006 -22"><span class='ocrx_word' id='word_1_153' title='bbox 268 2643 331 2696; x_wconf 84' lang='lat' dir='ltr'><strong>tam</strong></span> <span class='ocrx_word' id='word_1_154' title='bbox 361 2632 464 2714; x_wconf 83' lang='lat' dir='ltr'><strong>quoad</strong></span> <span class='ocrx_word' id='word_1_155' title='bbox 495 2631 713 2697; x_wconf 89' lang='lat' dir='ltr'><strong>conditionem</strong></span> <span class='ocrx_word' id='word_1_156' title='bbox 739 2632 855 2696; x_wconf 91' lang='lat' dir='ltr'><strong>domus</strong></span> <span class='ocrx_word' id='word_1_157' title='bbox 885 2633 1103 2716; x_wconf 82' lang='lat' dir='ltr'><strong>pedagogialis</strong></span> <span class='ocrx_word' id='word_1_158' title='bbox 1129 2651 1223 2715; x_wconf 86' lang='lat' dir='ltr'><strong>quam</strong></span> <span class='ocrx_word' id='word_1_159' title='bbox 1250 2637 1354 2718; x_wconf 84' lang='lat' dir='ltr'><strong>quoad</strong></span> 
     </span>
     <span class='ocr_line' id='line_1_23' title="bbox 267 2731 1354 2814; baseline 0.006 -20"><span class='ocrx_word' id='word_1_160' title='bbox 267 2731 528 2798; x_wconf 87' lang='lat' dir='ltr'><strong>intententionem</strong></span> <span class='ocrx_word' id='word_1_161' title='bbox 545 2741 599 2795; x_wconf 90' lang='lat' dir='ltr'><strong>aut</strong></span> <span class='ocrx_word' id='word_1_162' title='bbox 615 2732 834 2811; x_wconf 80' lang='lat' dir='ltr'><strong>tepanationes</strong></span> <span class='ocrx_word' id='word_1_163' title='bbox 851 2749 908 2812; x_wconf 82' lang='lat' dir='ltr'><strong>pen</strong></span> <span class='ocrx_word' id='word_1_164' title='bbox 923 2743 1086 2814; x_wconf 80' lang='lat' dir='ltr'><strong>legentem</strong></span> <span class='ocrx_word' id='word_1_165' title='bbox 1105 2733 1226 2799; x_wconf 90' lang='lat' dir='ltr'><strong>llendas</strong></span> <span class='ocrx_word' id='word_1_166' title='bbox 1243 2753 1354 2801; x_wconf 89' lang='lat' dir='ltr'><strong>secun-</strong></span> 
     </span>
     <span class='ocr_line' id='line_1_24' title="bbox 266 2829 1352 2910; baseline 0.005 -16"><span class='ocrx_word' id='word_1_167' title='bbox 266 2831 342 2896; x_wconf 92' lang='lat' dir='ltr'><strong>dum</strong></span> <span class='ocrx_word' id='word_1_168' title='bbox 368 2831 570 2896; x_wconf 87' lang='lat' dir='ltr'><strong>conditiones</strong></span> <span class='ocrx_word' id='word_1_169' title='bbox 599 2837 652 2894; x_wconf 92' lang='lat' dir='ltr'><strong>aut</strong></span> <span class='ocrx_word' id='word_1_170' title='bbox 681 2829 769 2910; x_wconf 84' lang='lat' dir='ltr'><strong>leges</strong></span> <span class='ocrx_word' id='word_1_171' title='bbox 796 2831 920 2910; x_wconf 79' lang='lat' dir='ltr'><strong>pridem</strong></span> <span class='ocrx_word' id='word_1_172' title='bbox 946 2847 1018 2895; x_wconf 83' lang='lat' dir='ltr'><strong>cuin</strong></span> <span class='ocrx_word' id='word_1_173' title='bbox 1048 2848 1088 2897; x_wconf 90' lang='lat' dir='ltr'><strong>eo</strong></span> <span class='ocrx_word' id='word_1_174' title='bbox 1119 2832 1254 2899; x_wconf 87' lang='lat' dir='ltr'><strong>habitas.</strong></span> <span class='ocrx_word' id='word_1_175' title='bbox 1287 2834 1352 2910; x_wconf 85' lang='lat' dir='ltr'><strong>Qua</strong></span> 
     </span>
     <span class='ocr_line' id='line_1_25' title="bbox 264 2929 1350 3010; baseline 0.004 -16"><span class='ocrx_word' id='word_1_176' title='bbox 264 2929 396 2994; x_wconf 88' lang='lat' dir='ltr'><strong>scedula</strong></span> <span class='ocrx_word' id='word_1_177' title='bbox 422 2929 505 2994; x_wconf 89' lang='lat' dir='ltr'><strong>lecta</strong></span> <span class='ocrx_word' id='word_1_178' title='bbox 527 2935 579 2994; x_wconf 90' lang='lat' dir='ltr'><strong>aut</strong></span> <span class='ocrx_word' id='word_1_179' title='bbox 603 2929 763 2994; x_wconf 90' lang='lat' dir='ltr'><strong>contentis</strong></span> <span class='ocrx_word' id='word_1_180' title='bbox 787 2929 819 2992; x_wconf 93' lang='lat' dir='ltr'><strong>in</strong></span> <span class='ocrx_word' id='word_1_181' title='bbox 842 2929 953 2995; x_wconf 87' lang='lat' dir='ltr'><strong>eadent</strong></span> <span class='ocrx_word' id='word_1_182' title='bbox 969 2931 1110 2996; x_wconf 81' lang='lat' dir='ltr'><strong>facultati</strong></span> <span class='ocrx_word' id='word_1_183' title='bbox 1128 2933 1350 3010; x_wconf 85' lang='lat' dir='ltr'><strong>manifestatis,</strong></span> 
     </span>
     <span class='ocr_line' id='line_1_26' title="bbox 266 3027 1351 3112; baseline 0.006 -20"><span class='ocrx_word' id='word_1_184' title='bbox 266 3028 417 3094; x_wconf 92' lang='lat' dir='ltr'><strong>dominus</strong></span> <span class='ocrx_word' id='word_1_185' title='bbox 443 3037 473 3093; x_wconf 91' lang='lat' dir='ltr'><strong>et</strong></span> <span class='ocrx_word' id='word_1_186' title='bbox 501 3027 652 3109; x_wconf 82' lang='lat' dir='ltr'><strong>magister</strong></span> <span class='ocrx_word' id='word_1_187' title='bbox 682 3027 796 3092; x_wconf 82' lang='lat' dir='ltr'><strong>Petrus</strong></span> <span class='ocrx_word' id='word_1_188' title='bbox 823 3027 987 3106; x_wconf 84' lang='lat' dir='ltr'><strong>blanoilus,</strong></span> <span class='ocrx_word' id='word_1_189' title='bbox 1019 3045 1135 3112; x_wconf 82' lang='lat' dir='ltr'><strong>tegens</strong></span> <span class='ocrx_word' id='word_1_190' title='bbox 1167 3032 1351 3110; x_wconf 80' lang='lat' dir='ltr'><strong>modernus,</strong></span> 
     </span>
     <span class='ocr_line' id='line_1_27' title="bbox 266 3125 1350 3209; baseline 0.002 -17"><span class='ocrx_word' id='word_1_191' title='bbox 266 3127 382 3209; x_wconf 80' lang='lat' dir='ltr'><strong>pretiis</strong></span> <span class='ocrx_word' id='word_1_192' title='bbox 395 3125 588 3208; x_wconf 85' lang='lat' dir='ltr'><strong>quibusdam</strong></span> <span class='ocrx_word' id='word_1_193' title='bbox 601 3125 864 3190; x_wconf 87' lang='lat' dir='ltr'><strong>excusationibus</strong></span> <span class='ocrx_word' id='word_1_194' title='bbox 876 3143 976 3207; x_wconf 80' lang='lat' dir='ltr'><strong>super</strong></span> <span class='ocrx_word' id='word_1_195' title='bbox 990 3127 1267 3195; x_wconf 81' lang='lat' dir='ltr'><strong>administratione</strong></span> <span class='ocrx_word' id='word_1_196' title='bbox 1281 3147 1350 3206; x_wconf 86' lang='lat' dir='ltr'><strong>sua,</strong></span> 
     </span>
     <span class='ocr_line' id='line_1_28' title="bbox 267 3223 1353 3311; baseline 0.005 -23"><span class='ocrx_word' id='word_1_197' title='bbox 267 3225 356 3306; x_wconf 77' lang='lat' dir='ltr'><strong>petiit</strong></span> <span class='ocrx_word' id='word_1_198' title='bbox 376 3225 517 3307; x_wconf 77' lang='lat' dir='ltr'><strong>guallose</strong></span> <span class='ocrx_word' id='word_1_199' title='bbox 540 3223 601 3289; x_wconf 90' lang='lat' dir='ltr'><strong>sibi</strong></span> <span class='ocrx_word' id='word_1_200' title='bbox 624 3241 641 3287; x_wconf 86' lang='lat' dir='ltr'><strong>a</strong></span> <span class='ocrx_word' id='word_1_201' title='bbox 665 3223 813 3289; x_wconf 82' lang='lat' dir='ltr'><strong>laenitate</strong></span> <span class='ocrx_word' id='word_1_202' title='bbox 835 3224 971 3306; x_wconf 85' lang='lat' dir='ltr'><strong>quedam</strong></span> <span class='ocrx_word' id='word_1_203' title='bbox 994 3225 1124 3303; x_wconf 79' lang='lat' dir='ltr'><strong>remitti,</strong></span> <span class='ocrx_word' id='word_1_204' title='bbox 1143 3239 1237 3308; x_wconf 77' lang='lat' dir='ltr'><strong>prout</strong></span> <span class='ocrx_word' id='word_1_205' title='bbox 1252 3245 1353 3311; x_wconf 79' lang='lat' dir='ltr'><strong>annet·</strong></span> 
     </span>
     <span class='ocr_line' id='line_1_29' title="bbox 266 3321 1350 3408; baseline 0.007 -22"><span class='ocrx_word' id='word_1_206' title='bbox 266 3323 434 3390; x_wconf 77' lang='lat' dir='ltr'><strong>videbatur</strong></span> <span class='ocrx_word' id='word_1_207' title='bbox 460 3323 505 3386; x_wconf 92' lang='lat' dir='ltr'><strong>illi</strong></span> <span class='ocrx_word' id='word_1_208' title='bbox 531 3321 664 3386; x_wconf 89' lang='lat' dir='ltr'><strong>lacultas</strong></span> <span class='ocrx_word' id='word_1_209' title='bbox 686 3321 769 3387; x_wconf 89' lang='lat' dir='ltr'><strong>velle</strong></span> <span class='ocrx_word' id='word_1_210' title='bbox 792 3338 934 3388; x_wconf 82' lang='lat' dir='ltr'><strong>annuere</strong></span> <span class='ocrx_word' id='word_1_211' title='bbox 949 3327 994 3402; x_wconf 80' lang='lat' dir='ltr'><strong>lut</strong></span> <span class='ocrx_word' id='word_1_212' title='bbox 1009 3324 1156 3404; x_wconf 86' lang='lat' dir='ltr'><strong>dicebat),</strong></span> <span class='ocrx_word' id='word_1_213' title='bbox 1173 3336 1204 3391; x_wconf 92' lang='lat' dir='ltr'><strong>et</strong></span> <span class='ocrx_word' id='word_1_214' title='bbox 1220 3327 1350 3408; x_wconf 82' lang='lat' dir='ltr'><strong>pollice-</strong></span> 
     </span>
     <span class='ocr_line' id='line_1_30' title="bbox 265 3420 1351 3504; baseline 0.006 -17"><span class='ocrx_word' id='word_1_215' title='bbox 265 3425 358 3488; x_wconf 77' lang='lat' dir='ltr'><strong>batur</strong></span> <span class='ocrx_word' id='word_1_216' title='bbox 373 3438 458 3486; x_wconf 91' lang='lat' dir='ltr'><strong>nunc</strong></span> <span class='ocrx_word' id='word_1_217' title='bbox 481 3421 623 3486; x_wconf 86' lang='lat' dir='ltr'><strong>lacultati</strong></span> <span class='ocrx_word' id='word_1_218' title='bbox 643 3420 810 3501; x_wconf 81' lang='lat' dir='ltr'><strong>assignate</strong></span> <span class='ocrx_word' id='word_1_219' title='bbox 829 3420 860 3484; x_wconf 93' lang='lat' dir='ltr'><strong>in</strong></span> <span class='ocrx_word' id='word_1_220' title='bbox 880 3423 1036 3504; x_wconf 79' lang='lat' dir='ltr'><strong>promptis</strong></span> <span class='ocrx_word' id='word_1_221' title='bbox 1051 3441 1069 3488; x_wconf 92' lang='lat' dir='ltr'><strong>a</strong></span> <span class='ocrx_word' id='word_1_222' title='bbox 1084 3441 1144 3490; x_wconf 94' lang='lat' dir='ltr'><strong>suo</strong></span> <span class='ocrx_word' id='word_1_223' title='bbox 1159 3443 1351 3492; x_wconf 82' lang='lat' dir='ltr'><strong>successore</strong></span> 
     </span>
     <span class='ocr_line' id='line_1_31' title="bbox 263 3519 1350 3604; baseline 0.004 -20"><span class='ocrx_word' id='word_1_224' title='bbox 263 3521 467 3604; x_wconf 78' lang='lat' dir='ltr'><strong>:accipiendos</strong></span> <span class='ocrx_word' id='word_1_225' title='bbox 489 3527 617 3585; x_wconf 81' lang='lat' dir='ltr'><strong>centlum</strong></span> <span class='ocrx_word' id='word_1_226' title='bbox 639 3519 868 3602; x_wconf 80' lang='lat' dir='ltr'><strong>quinquaginta</strong></span> <span class='ocrx_word' id='word_1_227' title='bbox 891 3536 1048 3587; x_wconf 78' lang='lat' dir='ltr'><strong>lonenses</strong></span> <span class='ocrx_word' id='word_1_228' title='bbox 1068 3539 1167 3603; x_wconf 85' lang='lat' dir='ltr'><strong>super</strong></span> <span class='ocrx_word' id='word_1_229' title='bbox 1182 3524 1302 3600; x_wconf 91' lang='lat' dir='ltr'><strong>debito,</strong></span> <span class='ocrx_word' id='word_1_230' title='bbox 1319 3525 1350 3589; x_wconf 93' lang='lat' dir='ltr'><strong>in</strong></span> 
     </span>
     <span class='ocr_line' id='line_1_32' title="bbox 263 3617 1351 3704; baseline 0.004 -19"><span class='ocrx_word' id='word_1_231' title='bbox 263 3638 327 3702; x_wconf 83' lang='lat' dir='ltr'><strong>uuo</strong></span> <span class='ocrx_word' id='word_1_232' title='bbox 343 3621 502 3704; x_wconf 76' lang='lat' dir='ltr'><strong>obligatur</strong></span> <span class='ocrx_word' id='word_1_233' title='bbox 526 3617 679 3692; x_wconf 76' lang='lat' dir='ltr'><strong>facultati,</strong></span> <span class='ocrx_word' id='word_1_234' title='bbox 697 3629 728 3683; x_wconf 89' lang='lat' dir='ltr'><strong>et</strong></span> <span class='ocrx_word' id='word_1_235' title='bbox 751 3618 791 3682; x_wconf 91' lang='lat' dir='ltr'><strong>de</strong></span> <span class='ocrx_word' id='word_1_236' title='bbox 807 3628 949 3684; x_wconf 82' lang='lat' dir='ltr'><strong>restante</strong></span> <span class='ocrx_word' id='word_1_237' title='bbox 964 3636 1089 3684; x_wconf 91' lang='lat' dir='ltr'><strong>summa</strong></span> <span class='ocrx_word' id='word_1_238' title='bbox 1105 3622 1255 3702; x_wconf 78' lang='lat' dir='ltr'><strong>cupiebat</strong></span> <span class='ocrx_word' id='word_1_239' title='bbox 1269 3623 1351 3689; x_wconf 88' lang='lat' dir='ltr'><strong>duos</strong></span> 
     </span>
     <span class='ocr_line' id='line_1_33' title="bbox 262 3717 1347 3800; baseline 0.005 -18"><span class='ocrx_word' id='word_1_240' title='bbox 262 3736 366 3783; x_wconf 81' lang='lat' dir='ltr'><strong>unitos</strong></span> <span class='ocrx_word' id='word_1_241' title='bbox 382 3736 440 3799; x_wconf 83' lang='lat' dir='ltr'><strong>uuo</strong></span> <span class='ocrx_word' id='word_1_242' title='bbox 462 3718 603 3800; x_wconf 80' lang='lat' dir='ltr'><strong>gratiosa</strong></span> <span class='ocrx_word' id='word_1_243' title='bbox 619 3717 794 3791; x_wconf 88' lang='lat' dir='ltr'><strong>solutione,</strong></span> <span class='ocrx_word' id='word_1_244' title='bbox 812 3717 854 3780; x_wconf 86' lang='lat' dir='ltr'><strong>ita</strong></span> <span class='ocrx_word' id='word_1_245' title='bbox 870 3719 955 3799; x_wconf 85' lang='lat' dir='ltr'><strong>quod</strong></span> <span class='ocrx_word' id='word_1_246' title='bbox 979 3720 1082 3800; x_wconf 80' lang='lat' dir='ltr'><strong>ptimo</strong></span> <span class='ocrx_word' id='word_1_247' title='bbox 1104 3737 1188 3786; x_wconf 92' lang='lat' dir='ltr'><strong>anno</strong></span> <span class='ocrx_word' id='word_1_248' title='bbox 1210 3722 1347 3787; x_wconf 89' lang='lat' dir='ltr'><strong>medium</strong></span> 
     </span>
     <span class='ocr_line' id='line_1_34' title="bbox 262 3815 1346 3897; baseline 0.006 -17"><span class='ocrx_word' id='word_1_249' title='bbox 262 3818 403 3883; x_wconf 91' lang='lat' dir='ltr'><strong>debitum</strong></span> <span class='ocrx_word' id='word_1_250' title='bbox 419 3817 535 3892; x_wconf 85' lang='lat' dir='ltr'><strong>solvet,</strong></span> <span class='ocrx_word' id='word_1_251' title='bbox 552 3825 583 3881; x_wconf 89' lang='lat' dir='ltr'><strong>et</strong></span> <span class='ocrx_word' id='word_1_252' title='bbox 606 3815 764 3897; x_wconf 79' lang='lat' dir='ltr'><strong>reliquum</strong></span> <span class='ocrx_word' id='word_1_253' title='bbox 789 3817 821 3878; x_wconf 91' lang='lat' dir='ltr'><strong>in</strong></span> <span class='ocrx_word' id='word_1_254' title='bbox 845 3815 908 3881; x_wconf 90' lang='lat' dir='ltr'><strong>linc</strong></span> <span class='ocrx_word' id='word_1_255' title='bbox 931 3817 1066 3882; x_wconf 87' lang='lat' dir='ltr'><strong>secundi</strong></span> <span class='ocrx_word' id='word_1_256' title='bbox 1082 3820 1156 3884; x_wconf 80' lang='lat' dir='ltr'><strong>nutui</strong></span> <span class='ocrx_word' id='word_1_257' title='bbox 1173 3829 1227 3884; x_wconf 90' lang='lat' dir='ltr'><strong>aut</strong></span> <span class='ocrx_word' id='word_1_258' title='bbox 1241 3821 1346 3893; x_wconf 88' lang='lat' dir='ltr'><strong>citius,</strong></span> 
     </span>
     <span class='ocr_line' id='line_1_35' title="bbox 261 3913 1347 3998; baseline 0.006 -19"><span class='ocrx_word' id='word_1_259' title='bbox 261 3915 289 3979; x_wconf 90' lang='lat' dir='ltr'><strong>si</strong></span> <span class='ocrx_word' id='word_1_260' title='bbox 317 3917 452 3997; x_wconf 78' lang='lat' dir='ltr'><strong>poterit:</strong></span> <span class='ocrx_word' id='word_1_261' title='bbox 476 3932 576 3998; x_wconf 82' lang='lat' dir='ltr'><strong>agens</strong></span> <span class='ocrx_word' id='word_1_262' title='bbox 598 3914 738 3979; x_wconf 87' lang='lat' dir='ltr'><strong>lacultati</strong></span> <span class='ocrx_word' id='word_1_263' title='bbox 754 3913 886 3996; x_wconf 81' lang='lat' dir='ltr'><strong>gratias,</strong></span> <span class='ocrx_word' id='word_1_264' title='bbox 903 3925 936 3980; x_wconf 91' lang='lat' dir='ltr'><strong>et</strong></span> <span class='ocrx_word' id='word_1_265' title='bbox 956 3915 1091 3984; x_wconf 91' lang='lat' dir='ltr'><strong>boneste</strong></span> <span class='ocrx_word' id='word_1_266' title='bbox 1106 3917 1247 3983; x_wconf 90' lang='lat' dir='ltr'><strong>dominis</strong></span> <span class='ocrx_word' id='word_1_267' title='bbox 1262 3921 1347 3986; x_wconf 88' lang='lat' dir='ltr'><strong>uale-</strong></span> 
     </span>
     <span class='ocr_line' id='line_1_36' title="bbox 260 4013 1402 4096; baseline 0.007 -19"><span class='ocrx_word' id='word_1_268' title='bbox 260 4014 384 4089; x_wconf 85' lang='lat' dir='ltr'><strong>dicens,</strong></span> <span class='ocrx_word' id='word_1_269' title='bbox 411 4013 553 4080; x_wconf 79' lang='lat' dir='ltr'><strong>offerens</strong></span> <span class='ocrx_word' id='word_1_270' title='bbox 578 4013 768 4095; x_wconf 87' lang='lat' dir='ltr'><strong>obsequium</strong></span> <span class='ocrx_word' id='word_1_271' title='bbox 793 4022 826 4078; x_wconf 89' lang='lat' dir='ltr'><strong>el</strong></span> <span class='ocrx_word' id='word_1_272' title='bbox 852 4013 1108 4082; x_wconf 89' lang='lat' dir='ltr'><strong>benevolentiam</strong></span> <span class='ocrx_word' id='word_1_273' title='bbox 1135 4019 1287 4096; x_wconf 73' lang='lat' dir='ltr'><strong>facultati,</strong></span> <span class='ocrx_word' id='word_1_274' title='bbox 1316 4020 1346 4084; x_wconf 91' lang='lat' dir='ltr'><strong>in</strong></span> <span class='ocrx_word' id='word_1_275' title='bbox 1393 4039 1402 4054; x_wconf 94' lang='lat'><strong>·</strong></span> 
     </span>
    </p>
   </div>
   <div class='ocr_carea' id='block_1_4' title="bbox 258 4111 1348 4284">
    <p class='ocr_par' dir='ltr' id='par_1_4' title="bbox 258 4111 1348 4284">
     <span class='ocr_line' id='line_1_37' title="bbox 259 4111 1348 4199; baseline 0.006 -22"><span class='ocrx_word' id='word_1_276' title='bbox 259 4111 516 4194; x_wconf 84' lang='lat' dir='ltr'><strong>quibuscumque</strong></span> <span class='ocrx_word' id='word_1_277' title='bbox 532 4113 648 4194; x_wconf 83' lang='lat' dir='ltr'><strong>potent</strong></span> <span class='ocrx_word' id='word_1_278' title='bbox 663 4111 847 4194; x_wconf 78' lang='lat' dir='ltr'><strong>gratiliani.</strong></span> <span class='ocrx_word' id='word_1_279' title='bbox 863 4111 987 4188; x_wconf 83' lang='lat' dir='ltr'><strong>Quibus</strong></span> <span class='ocrx_word' id='word_1_280' title='bbox 1009 4115 1105 4180; x_wconf 86' lang='lat' dir='ltr'><strong>nebus</strong></span> <span class='ocrx_word' id='word_1_281' title='bbox 1128 4117 1256 4191; x_wconf 88' lang='lat' dir='ltr'><strong>auditis,</strong></span> <span class='ocrx_word' id='word_1_282' title='bbox 1275 4129 1348 4199; x_wconf 89' lang='lat' dir='ltr'><strong>post</strong></span> 
     </span>
     <span class='ocr_line' id='line_1_38' title="bbox 258 4211 1344 4284; baseline 0.006 -9"><span class='ocrx_word' id='word_1_283' title='bbox 258 4211 522 4279; x_wconf 79' lang='lat' dir='ltr'><strong>deliberationem</strong></span> <span class='ocrx_word' id='word_1_284' title='bbox 539 4211 745 4277; x_wconf 84' lang='lat' dir='ltr'><strong>dominorum</strong></span> <span class='ocrx_word' id='word_1_285' title='bbox 761 4211 921 4278; x_wconf 87' lang='lat' dir='ltr'><strong>conclusit</strong></span> <span class='ocrx_word' id='word_1_286' title='bbox 944 4213 1156 4280; x_wconf 82' lang='lat' dir='ltr'><strong>vicedecanus</strong></span> <span class='ocrx_word' id='word_1_287' title='bbox 1180 4216 1262 4281; x_wconf 85' lang='lat' dir='ltr'><strong>bano</strong></span> <span class='ocrx_word' id='word_1_288' title='bbox 1277 4233 1344 4284; x_wconf 82' lang='lat' dir='ltr'><strong>tem</strong></span> 
     </span>
    </p>
   </div>
   <div class='ocr_carea' id='block_1_5' title="bbox 0 0 1584 4952">
    <p class='ocr_par' dir='ltr' id='par_1_5' title="bbox 0 0 1584 4952">
     <span class='ocr_line' id='line_1_39' title="bbox 0 0 1584 4952; baseline 0 5"><span class='ocrx_word' id='word_1_289' title='bbox 0 0 1584 4952; x_wconf 95' lang='lat' dir='ltr'><strong> </strong></span> 
     </span>
    </p>
   </div>
  </div>
 </body>
</html>
