3130 4956
766 445 805 466 ι-
828 387 889 482 toa
909 451 948 466 -

314 589 674 683 declarationem,quam
692 599 809 666 ibidem
826 601 960 667 iaciebat
972 601 1057 670 eirca
1070 599 1241 668 articulum
1256 598 1403 686 regentie

314 708 346 766 et
361 700 510 782 tegentia,
525 699 632 764 multis
647 701 753 766 vorbis
770 701 890 766 lecerat
904 711 936 766 et
952 702 1134 782 repetierat,
1150 703 1240 784 petiit
1256 703 1404 768 sindicus

314 798 399 880 quud
429 799 498 880 ipse
527 798 789 864 Armenterianus
825 801 945 882 scripto
982 801 1100 866 ibidem
1138 803 1279 867 traderet
1308 818 1402 866 suam

314 897 572 972 declarationem,
585 907 617 963 ut
629 898 769 980 desuper
786 899 919 964 facultas
935 901 1082 973 securius
1098 912 1130 966 et
1144 900 1266 966 certius
1278 899 1402 966 delibe-

314 1013 386 1062 rarc
401 1008 524 1080 posset,
541 1014 580 1061 an
597 1014 632 1062 ea
649 1007 736 1064 esset
758 995 922 1063 sufficiens
938 1008 969 1062 et
985 1015 1024 1061 an
1041 1016 1098 1080 par
1114 1015 1183 1064 eam
1199 999 1399 1064 satisfactum

312 1097 395 1163 lorct
417 1097 618 1162 conclusioni
640 1097 794 1176 postridie
816 1097 947 1160 ilionisii
972 1106 1064 1178 capte
1087 1115 1125 1162 an
1147 1113 1220 1163 uon.
1241 1097 1401 1179 Postque

313 1195 419 1261 dictus
441 1195 705 1260 dementerianus
728 1195 855 1260 tandem
879 1195 911 1260 in
935 1196 1096 1277 presentia
1117 1197 1275 1262 tacutrans
1292 1197 1399 1261 decla·

313 1295 394 1360 rarit
410 1312 445 1360 se
461 1311 704 1376 recognoscere,
723 1294 805 1376 quod
824 1295 994 1374 tegendam
1017 1304 1047 1360 ct
1063 1296 1237 1376 regentiam
1254 1297 1285 1358 in
1303 1296 1400 1376 poda·

313 1394 409 1476 gogio
434 1394 503 1458 bilii
532 1410 590 1475 pro
615 1410 652 1459 se
677 1402 708 1458 et
735 1393 842 1458 linaco
871 1393 1007 1476 accipiat
1035 1402 1067 1460 et
1091 1409 1282 1476 accepturus
1309 1395 1353 1460 sit
1381 1411 1398 1458 a

313 1494 462 1558 facultate
488 1492 575 1575 juxta
604 1492 844 1557 conclusionem
875 1493 1033 1558 facultatis
1069 1494 1225 1576 postridie
1262 1492 1398 1558 Dionisii

313 1593 439 1657 lactum.
456 1592 522 1667 Qua
538 1591 754 1657 declaratione
770 1591 863 1668 taeta,
878 1589 990 1672 jussus
1007 1591 1063 1657 luit
1080 1592 1167 1658 exire
1181 1592 1395 1670 drmcntcria,

313 1701 348 1758 ut
364 1703 448 1769 vota,
465 1709 505 1758 co
520 1692 664 1767 absente,
681 1691 788 1772 colligi
805 1699 949 1773 possent.
967 1689 1035 1766 Quo
1054 1691 1198 1767 absente,
1215 1708 1254 1756 ex
1276 1693 1397 1756 delibe-

314 1792 494 1858 rationibus
510 1791 712 1856 dominorum
725 1792 886 1855 conclusit
900 1791 1054 1862 decanus,
1067 1790 1153 1874 quod
1167 1791 1236 1872 elus
1252 1791 1396 1873 recogni-

314 1893 432 1958 tionem
446 1901 477 1958 et
488 1890 735 1957 declarationem
749 1889 883 1955 facultas
898 1899 1054 1972 acceptat,
1064 1901 1094 1955 et
1107 1891 1160 1954 itta
1173 1891 1396 1973 recognitione

312 2000 344 2056 et
364 1989 580 2056 declaratione
601 1997 731 2064 attenta,
757 1989 890 2054 tacuttas
914 1989 1003 2053 illum
1028 1999 1059 2054 et
1082 1989 1189 2054 lluaco
1212 1989 1342 2054 admisit
1357 1989 1394 2054 ad

312 2090 482 2173 legentiam
498 2098 530 2156 et
552 2088 726 2169 regendam
749 2087 781 2150 in
805 2088 981 2170 pedagogio
1004 2088 1073 2152 Lilii
1101 2105 1158 2170 pro
1175 2091 1282 2154 t'uturo
1297 2105 1394 2164 anno,

312 2190 402 2254 salvo
417 2189 501 2271 quod
525 2187 660 2270 predicti
679 2186 799 2252 domini
824 2186 1086 2252 armentertanus
1111 2196 1142 2252 et
1160 2187 1269 2252 Duaco
1284 2186 1397 2267 hujus·

313 2287 398 2352 modi
414 2285 661 2352 declarationem
686 2295 718 2350 et
744 2284 996 2367 recognitionem
1020 2285 1137 2350 virtute
1159 2286 1244 2351 dicte
1266 2286 1398 2350 conclu·

312 2385 415 2451 sionis
430 2386 543 2450 laetam
561 2384 778 2450 subscribant.
1252 2379 1254 2383 ’

311 2497 349 2565 Εῑ
363 2499 781 2584 subscripseruntzloarnus
795 2498 900 2564 dauns
923 2499 1051 2564 loannes
1064 2499 1252 2566 Potnsontus
1265 2523 1282 2563 u
1295 2501 1397 2565 Dulce

675 2605 885 2664 demanicatos
948 2599 1127 2680 subscripsi
1143 2599 1360 2666 conclusioni.

885 2717 976 2791 Aura,
994 2714 1058 2792 Vll,
1076 2714 1132 2780 lol.
1150 2715 1209 2778 378
1226 2715 1335 2780 mato
1352 2729 1393 2780 r⁰.

352 2899 410 2963 bie
418 2899 509 2980 jonia,
525 2899 610 2979 ciiij.
624 2898 739 2962 mensis
748 2897 890 2977 junuarii
906 2893 999 2972 totta,
1016 2897 1077 2961 sub
1092 2896 1204 2962 horam
1221 2913 1340 2963 nonam
1355 2899 1395 2966 de

311 2999 456 3075 manain
472 2999 569 3064 rubea
583 3015 708 3063 camera
724 2998 839 3062 domus
855 2997 1026 3072 facultatis,
1036 2998 1222 3063 convocatis
1234 2998 1395 3080 deputatis

309 3098 482 3164 ordinariis
511 3114 583 3163 cum
612 3098 683 3162 aliis
713 3096 897 3162 senioribus
934 3097 1038 3177 ipsius
1068 3097 1252 3173 lacultatis;
1285 3115 1395 3163 curam

309 3199 426 3281 quibus
441 3198 592 3263 domiuus
607 3197 880 3276 Armerrterianus,
898 3213 1014 3278 regens
1034 3196 1201 3278 pedagogii
1219 3197 1395 3274 Lilii,exlri-

308 3297 377 3362 buit
405 3313 514 3362 coram
542 3296 682 3362 dominis
711 3305 901 3377 conceptum
932 3295 1000 3361 sive
1030 3296 1246 3374 conditiones,
1278 3297 1393 3378 quibus

308 3404 479 3460 contentus
505 3405 592 3460 osset
617 3394 778 3459 dimittere
800 3393 1011 3476 pedagogium
1035 3411 1140 3470 suum,
1165 3403 1199 3459 ut
1221 3397 1342 3470 rotulit,
1360 3397 1391 3460 iu

308 3505 459 3576 quantum
473 3495 608 3558 facultas
623 3503 789 3575 acceptare
801 3493 889 3558 velit.
904 3492 1008 3558 Lectis
1025 3503 1056 3557 et
1067 3492 1185 3558 auditis
1200 3495 1392 3560 conditioni·

306 3593 491 3674 bus‚posuit
506 3592 656 3657 dominus
672 3593 815 3657 decanos
828 3591 860 3654 io
875 3590 1390 3668 deliberationibusdominorum,

308 3702 340 3757 et
354 3710 393 3758 ex
408 3691 583 3757 eorundem
600 3690 803 3755 dominorum
819 3690 1105 3756 deliberationibus
1122 3708 1186 3756 non
1202 3691 1392 3772 placuerunt

307 3791 447 3856 dominis
462 3789 665 3856 conditiones
684 3807 742 3871 per
760 3789 1038 3854 Armenteriaoum
1054 3789 1186 3855 exhibiti
1203 3793 1276 3870 (sic).
1294 3790 1334 3856 Et
1348 3792 1389 3856 ita

305 3889 465 3956 conclusit
480 3890 630 3955 dominus
646 3889 799 3954 decanus.
1043 3971 1049 3985 ·

346 3989 523 4072 Sequuntur
537 3990 723 4054 conditiones
738 3989 966 4052 Arnencrtant
979 4007 989 4053 .·
1002 3987 1183 4072 Conceptus
1195 3989 1388 4056 venerabilis

304 4089 365 4155 viri
380 4100 411 4155 et
426 4089 559 4166 domini,
576 4087 719 4170 magistri
732 4088 865 4152 loannis
887 4087 1003 4153 lleems
1021 4089 1268 4165 Armenteriaui,
1287 4090 1386 4155 medi·

307 4188 378 4262 cine
393 4189 535 4256 doctoris
552 4205 676 4255 necnon
690 4187 1015 4272 regentis‘pedagogii
1036 4187 1106 4253 bitii
1124 4189 1155 4254 in
1179 4197 1237 4255 nac
1254 4190 1387 4258 Univer-
