3186 4942
723 449 908 513 ..gog-.-

255 643 342 708 octo,
368 641 497 698 centum
526 639 558 696 61
587 631 698 712 plures
724 629 1343 712 6666616666,6661166666666661661

256 729 522 798 scholasticarum
544 743 653 796 rerum
676 731 854 812 scriptores
879 729 1133 813 quatuordecim,
1159 725 1342 808 theologiae

253 831 393 897 16616666
420 829 574 913 1611116166
603 829 787 904 duodecim,
815 831 897 896 alios
927 839 991 896 tunt
1020 827 1243 910 philosophiae
1273 835 1340 891 tum

256 927 439 1012 theologiae
461 931 610 1008 16616666,
631 929 731 993 divini
753 928 843 996 verbi
867 933 1046 1011 praecones
1067 935 1099 994 et
1120 925 1342 993 zelosissimus

256 1027 482 1094 missionarios
497 1039 625 1094 centum
641 1035 673 1093 et
687 1027 862 1110 sexaginta,
880 1043 1016 1110 quorum
1032 1025 1185 1108 quinqua,
1201 1024 1291 1088 missi
1307 1023 1340 1085 in

256 1125 404 1204 scotiam,
436 1127 614 1193 octodecim
645 1127 744 1192 miliia
766 1127 934 1194 hominum
960 1125 1088 1191 Christo
1117 1131 1149 1190 61
1178 1121 1360 1188 Ecclesiae

256 1239 423 1306 peperere.
437 1223 504 1290 Neo
520 1223 582 1291 hoo
598 1235 706 1290 notatu
723 1225 899 1308 indignum,
914 1225 1000 1307 quod
1016 1224 1055 1289 ab
1068 1225 1216 1304 ingressu
1232 1219 1341 1285 Crom-

256 1319 343 1387 66111
366 1319 399 1388 16
415 1321 598 1388 lliherniarn
615 1325 684 1391 sive
699 1323 835 1390 sentiant
861 1323 1015 1406 majorem
1039 1336 1141 1403 usque
1163 1319 1202 1384 ad
1220 1332 1340 1384 annum

256 1439 288 1484 u.
307 1436 355 1486 no.
372 1439 451 1488 nxrv.
471 1439 627 1488 conversa
643 1424 708 1488 sint
722 1438 740 1488 a
756 1423 932 1489 schismate
946 1430 978 1489 61
990 1421 1118 1487 haeresi
1135 1418 1215 1484 ultra
1229 1413 1342 1500 uiginti

257 1517 355 1586 millia
372 1521 526 1604 nongenti
550 1524 762 1606 septuaginta,
781 1537 916 1606 quorum
933 1521 1078 1604 plerique
1099 1530 1156 1602 per
1173 1519 1343 1584 missionu-

257 1617 326 1685 rios
348 1621 443 1704 hujus
466 1621 593 1704 collegii
609 1621 758 1689 conuersi
780 1631 868 1699 6661,
887 1621 931 1688 uti
954 1619 1139 1688 authentice
1161 1623 1288 1684 constat
1302 1631 1342 1683 ex

256 1717 393 1799 epistola
405 1719 444 1784 n.
457 1721 543 1786 adm.
557 1719 592 1786 P.
606 1720 735 1788 Antonii
746 1721 922 1797 bochardi,
936 1719 1143 1802 provincialis
1156 1715 1339 1793 lliherniae,

256 1814 343 1884 61616
366 1835 450 1886 6666
479 1819 518 1885 ad
542 1821 718 1903 capitulum
744 1821 894 1904 generale
920 1821 1054 1888 Romam
1082 1815 1192 1884 missa.
1220 1815 1343 1883 Prodilt

257 1929 385 1999 quoque
402 1936 441 1984 ex
456 1915 570 1986 eodem
593 1920 741 2004 collegio,
760 1927 886 2002 praeter
908 1920 989 1986 alios
1013 1917 1122 2002 plures
1144 1917 1229 1982 vitae
1251 1916 1343 1982 inno·

258 2017 362 2082 centia
385 2025 417 2084 et
439 2017 599 2100 probitate
621 2022 829 2102 conspicuos,
854 2021 892 2086 lt.
917 2018 952 2085 Ρ.
977 2019 1011 2085 l.
1035 2015 1168 2086 11161661
1193 2017 1341 2095 moinus,

257 2127 369 2182 sacrae
391 2112 571 2202 theologiae
593 2119 777 2204 1661661161
800 2116 1091 2188 6666666616616
1114 2117 1180 2185 1166
1203 2111 1344 2184 reddidit

257 2215 408 2282 6666166
431 2215 611 2284 sanctitatis
627 2219 791 2300 opinione,
809 2222 884 2286 dum
908 2229 982 2302 post
1004 2228 1139 2284 mortem
1163 2213 1343 2282 sanctitatis

257 2309 376 2408 indicia
402 2313 501 2381 dedit.
532 2313 616 2384 obiit
641 2325 747 2386 autem
777 2327 851 2386 ante
881 2329 984 2384 annos
1013 2317 1142 2382 oireiter
1171 2313 1342 2380 duodecim

256 2414 346 2496 [ergo
362 2413 448 2480 eirea
463 2430 581 2482 annunt
599 2413 703 2498 16661.

301 2531 315 2570 1
331 2509 542 2594 6661616666
558 2517 682 2584 scilicet
700 2514 791 2598 lunt]
805 2517 976 2601 collegium
993 2519 1116 2600 regitur
1135 2528 1191 2596 per
1206 2523 1341 2578 vertere·

257 2607 353 2677 uilem
370 2613 542 2680 admodum
559 2615 595 2679 P.
615 2615 805 2682 6666666611
822 2614 1010 2694 Fullonium,
1027 2629 1138 2682 sacrae
1161 2611 1343 2694 theologiae

256 2708 424 2776 lectorem.
456 2711 602 2779 Studium
639 2717 857 2798 theologicum
894 2715 946 2782 hio
975 2713 1117 2796 dirigunt
1148 2708 1344 2777 venerahilis

257 2806 429 2875 admodum
456 2807 517 2876 PP.
546 2809 580 2878 F.
609 2815 793 2880 Frcnclrcue
820 2813 976 2898 Kenrtedp,
1005 2811 1107 2880 166166
1128 2809 1294 2895 juhilatus,
1310 2815 1344 2874 61

258 2900 292 2972 li.
325 2905 541 2976 Beneuentum
570 2911 666 2978 lleott.
699 2913 928 2995 philosophico
961 2921 1114 2996 praesunt
1141 2907 1343 2976 6666666666

259 3001 320 3070 PP.
337 3007 372 3072 F.
388 3007 605 3076 Beneuentano
621 3009 708 3094 Kellp
722 3021 753 3078 et
769 3011 802 3076 li.
820 3013 1007 3078 Francisuuu
1021 3011 1175 3094 Fepuuus.
1192 3031 1206 3068 1

280 3207 363 3271 1.-
383 3213 511 3279 Eatrct't
532 3216 622 3280 d'une
643 3219 741 3281 1161166
761 3217 798 3281 de
816 3215 861 3282 61.
877 3215 1011 3282 1.-1.-Ε.
1031 3215 1147 3286 maort.
1164 3213 1321 3278 tatttotte:

268 3307 273 3318 '
389 3310 450 3376 Les
466 3313 603 3395 refugies
619 3311 750 3396 hoglois
766 3325 796 3381 et
813 3312 968 3378 lrlandais
983 3329 1024 3380 en
1047 3311 1199 3394 Belgique

302 3466 360 3532 Les
377 3467 709 3536 1166611616161666616
728 3471 935 3552 possedaieot
953 3471 970 3534 6
987 3469 1126 3536 Louvain
1145 3473 1344 3534 1166661661

258 3563 386 3632 666166
401 3569 485 3632 66161
500 3570 639 3636 6616166
659 3573 699 3636 66
715 3572 855 3636 Podoue.
874 3571 897 3634 ll
914 3571 960 3636 lut
984 3569 1048 3634 heti
1064 3585 1104 3634 66
1121 3567 1201 3632 lollii
1224 3583 1280 3646 par
1297 3566 1344 3630 166

260 3663 433 3732 1166161666
447 3670 488 3734 66
504 3670 648 3750 Philippo
664 3671 707 3734 lll
731 3682 762 3735 61
779 3687 835 3752 pur
850 3671 898 3736 166
914 3670 1004 3736 66166
1027 3669 1068 3734 66
1085 3668 1212 3732 11166661
1228 3665 1344 3746 Conrp,

259 3765 461 3849 arohovequo
481 3769 521 3834 66
536 3769 647 3835 Tuam.
665 3793 681 3828 o
696 3771 719 3833 ll
737 3770 875 3846 abunde,
892 3769 936 3834 dit
953 3770 982 3832 la
1000 3768 1192 3848 Deooiption
1206 3766 1247 3828 du
1265 3765 1345 3828 lirc-

260 3861 347 3939 bunt,
360 3881 400 3929 en
418 3867 571 3948 religieux
587 3868 791 3942 1666666616,
807 3879 838 3933 61
854 3876 944 3932 66166
960 3865 1102 3947 lesquels
1118 3881 1159 3929 on
1175 3881 1192 3928 u
1207 3867 1346 3928 souueut

261 3977 301 4026 vu
323 3962 381 4028 666
405 3963 456 4028 ills
479 3967 519 4031 de
542 3977 717 4033 comteset
738 3967 778 4032 66
801 3967 931 4042 barone,
949 3965 1008 4031 666
1030 3962 1211 4030 chevaliers
1233 3970 1265 4024 et
1288 3959 1347 4023 666

262 4063 431 4144 aeigoeors
446 4067 487 4132 66
502 4068 531 4132 16
548 4069 706 4149 premiere
726 4069 889 4143 noblesse,
907 4067 961 4148 qui
984 4083 1021 4132 66
1038 4065 1175 4132 6666661
1196 4061 1348 4142 caprulas

264 4177 320 4239 par
336 4163 452 4229 l'etude
469 4175 501 4232 et
516 4167 684 4232 l'exercice
699 4167 740 4232 de
756 4166 840 4247 61616
862 4165 973 4232 d‘aller
989 4163 1152 4230 travailler
1173 4162 1191 4227 1
1206 4161 1237 4226 16
1252 4159 1347 4241 vigne
