3248 4954
718 477 883 540 ...91-

336 660 382 724 En
399 658 456 724 tibi
473 657 693 725 construimus
710 657 819 724 multis
834 657 1010 724 sudoribus
1026 660 1151 732 oedem.

376 757 423 821 Ad
440 773 534 839 quarn
552 765 582 822 te
598 757 733 838 supplex
749 755 857 821 littera
874 767 984 822 nostra
1000 765 1106 823 vooat.

241 865 243 868 ’
337 856 509 931 Debuerat,
525 856 640 930 fateor,
655 855 720 936 jain
737 856 862 936 pridem
880 856 959 921 haee
971 856 1060 922 ouria
1076 858 1195 922 restris

379 955 575 1036 condignam
594 954 717 1019 meritis
732 953 919 1020 exhibuisse
933 954 1065 1019 domurn
1082 977 1090 1018 ε

335 1053 434 1118 Peroe
450 1061 555 1118 tamen
572 1074 580 1114 ε
600 1053 628 1116 si
644 1053 726 1117 velie
739 1062 789 1116 sut
804 1060 865 1124 est.
885 1051 937 1116 nbi
955 1069 1052 1133 posse
1069 1061 1214 1134 negatur.

377 1151 465 1217 Velie
481 1152 601 1226 aderat,
620 1151 730 1216 deerat
746 1167 854 1231 posse,
873 1151 956 1232 quod
975 1167 1052 1217 eeoe
1068 1151 1190 1218 subest.

337 1250 468 1322 Deinde.
485 1249 539 1316 diu
556 1250 582 1314 si
596 1249 774 1325 distulerit,
791 1267 863 1315 oum
880 1251 1013 1316 foenore
1028 1251 1153 1325 reddet,

378 1347 415 1414 Et
432 1348 486 1413 tint
507 1365 583 1428 prae
598 1349 733 1430 reliquis
757 1348 863 1413 nobile
879 1349 982 1430 surgit
997 1365 1090 1430 opus.

324 1449 452 1530 'Surget
466 1464 549 1530 opus
565 1448 750 1529 speciosum
767 1447 863 1524 uuiiS,
880 1447 1018 1512 sublime
1034 1446 1206 1517 columnis.

377 1545 534 1612 Turribus
550 1545 660 1620 altum,
678 1545 751 1626 ipso
767 1545 1044 1627 conspicuumque
1060 1545 1133 1611 situ.

336 1645 467 1710 Aduena
481 1645 508 1709 si
525 1643 598 1725 quis
614 1644 645 1707 in
662 1643 745 1709 hano
760 1644 914 1723 deinceps
929 1643 1096 1710 intraverit
1112 1644 1236 1720 urbem,

377 1743 540 1808 Attonitus
555 1744 632 1825 qnid
649 1744 691 1808 sit
714 1743 831 1809 tubrioa
849 1753 935 1808 tantu
953 1753 1049 1824 petet.

337 1843 474 1924 Moxque
489 1843 550 1908 erit
565 1843 618 1906 iiio
633 1843 760 1924 uliquis.
771 1843 824 1924 qui
840 1844 894 1907 det
910 1860 1066 1922 responsu
1083 1844 1215 1920 petenti,

379 1941 438 2017 Qui
455 1941 556 2008 decus
572 1952 603 2007 et
618 1943 711 2007 dotes
729 1943 868 2006 disserat
884 1959 941 2006 ore
957 1952 1039 2007 tuus.
1168 1931 1177 1938 ’

339 2040 364 2106 0
381 2040 500 2106 utinum
519 2040 671 2117 intrnres,
688 2051 742 2105 aut
758 2041 885 2106 erniuus
902 2042 972 2120 ipsa
989 2041 1128 2114 videreS‚

380 2138 467 2213 Quae
483 2139 538 2204 tibi
555 2141 752 2204 construitur
768 2157 861 2220 quani
879 2139 921 2204 sit
936 2155 1069 2204 amoena
1084 2138 1200 2204 doinus
1214 2141 1222 2200 t

338 2239 406 2304 lioo
422 2238 478 2304 tibi
495 2255 682 2320 regressum
698 2247 788 2304 uerto
807 2239 1004 2320 prohiberet,
1029 2247 1061 2303 et
1077 2255 1142 2304 uno

380 2337 423 2403 Te
439 2346 560 2419 ruptum
577 2337 692 2402 intuitu
708 2348 838 2417 cogeret
853 2353 926 2402 esse
948 2353 1051 2402 sirano.

341 2435 445 2501 Crede
461 2436 538 2499 inihi
557 2453 564 2498 :
582 2435 669 2516 uigili
686 2439 757 2515 (oua
773 2437 894 2516 gaudes
910 2437 1009 2514 niusa)
1026 2435 1123 2516 quieti

380 2535 492 2617 Aptior
508 2537 539 2600 in
558 2545 621 2601 totu
639 2555 703 2602 uon
720 2547 788 2602 erut
805 2536 884 2600 urbe
899 2537 991 2600 loeus
1009 2559 1016 2598 :

339 2635 458 2716 Sponte
474 2652 532 2700 suu
550 2635 656 2700 sontes
673 2636 758 2716 tquid
775 2635 835 2699 erit
851 2635 878 2699 si
896 2633 1023 2700 veneris
1040 2635 1108 2714 ipsa
1120 2635 1141 2708 tt

381 2735 501 2814 Sponte
517 2733 583 2798 sere
599 2733 732 2798 exiliunt
750 2733 802 2797 hio
818 2733 981 2798 Heliconis
1004 2747 1117 2812 oquae,

341 2831 409 2898 fluo
420 2831 498 2896 ades
514 2848 591 2913 eigo
608 2831 719 2896 terens
735 2833 840 2896 ocutis
857 2833 1009 2911 vultuque
1025 2844 1152 2896 serene.

381 2932 528 3020 Carmina
546 2949 618 2995 utin
635 2931 722 2996 vultu
740 2941 889 3012 stentque
906 2930 1072 3011 tluuntque
1089 2939 1156 2994 tuo.

339 3031 371 3094 Si
388 3029 481 3104 sinis,
499 3031 552 3094 iliu
568 3029 693 3104 fluunt;
712 3031 739 3096 si
757 3047 820 3096 non
837 3029 931 3105 sinis,
949 3027 1002 3092 itlu
1019 3028 1202 3110 quieseunt,

381 3129 418 3195 Et
434 3130 505 3195 sine
522 3139 553 3195 te
569 3139 676 3194 mutus
691 3130 776 3194 Naso
794 3139 886 3210 poeta
904 3129 999 3194 soret.

340 3229 408 3296 Huc
424 3229 514 3304 ades,
532 3239 563 3294 et
577 3229 695 3296 fluidos
712 3229 809 3294 taoias
826 3244 997 3309 erumpere
1013 3227 1131 3302 tontes,

381 3329 503 3410 ilioque
519 3328 600 3408 pede
616 3327 723 3392 etioiut
741 3327 882 3408 Pegasus
897 3327 978 3391 niter
993 3341 1105 3408 aquus,

340 3427 409 3493 fluo
424 3427 513 3506 ades,
524 3433 563 3492 ‘et
578 3425 632 3491 fiet
648 3427 717 3500 tibi,
736 3428 837 3503 ttusu,
856 3425 960 3491 noetis
977 3425 1126 3491 donatos.

378 3526 464 3603 Quae
482 3525 536 3590 tini
553 3542 590 3591 se
606 3535 703 3591 totuin
722 3534 832 3591 nostra
857 3526 1014 3606 palaestra
1030 3533 1135 3590 vovet.

567 3792 662 3860 Eleptu
675 3797 706 3845 tn
720 3795 831 3846 laudem
844 3797 907 3845 noui
920 3795 1034 3858 eollepii.

338 3913 479 3979 Palladis
494 3931 582 3978 urina
599 3925 716 3980 uariant
731 3916 797 3991 ulii,
817 3933 876 3979 nus
892 3915 1032 3978 Palladis
1048 3915 1178 3986 uedem;

378 4012 464 4079 Haeo
479 4021 530 4079 est
546 4015 696 4080 materies
710 4016 860 4080 versibus
880 4024 951 4094 apta
969 4015 1061 4079 meis.

336 4112 465 4178 Seiliuet
481 4113 534 4178 itta
552 4113 648 4180 hodie
665 4125 737 4195 post
755 4123 801 4179 tot
817 4114 969 4194 suspiria,
988 4121 1060 4193 post
1076 4122 1121 4176 tot

379 4213 470 4288 Vota,
490 4213 542 4278 Dei
560 4212 687 4277 tandem
704 4222 753 4279 est
768 4222 879 4293 coepta
897 4213 1004 4276 turono
1019 4211 1135 4275 donius
1154 4227 1161 4272 :
