3248 4954
731 373 894 438 ..85-

267 553 416 636 septimo,
449 555 570 619 mensis
602 554 705 618 uranii
734 555 787 621 die
816 555 970 637 vigesima
1001 555 1155 632 secunda,
1187 555 1353 622 constituti

267 660 363 734 atque
385 662 610 734 comparantes
633 669 741 718 coram
760 653 853 719 nohis
877 653 1002 717 notario
1019 653 1147 735 publico
1171 663 1203 720 et
1220 653 1357 720 testibus

267 750 348 816 infra
365 751 549 826 nominatis,
563 755 768 818 venerandus
782 769 819 817 ac
834 752 1036 818 clarissimus
1048 752 1199 817 dominus
1214 753 1353 819 lacobus

267 852 450 926 Santroorh
460 851 638 933 presbyter,
644 851 726 933 iuris
744 852 911 933 utriusque
927 851 1041 916 doctor
1056 862 1087 916 et
1105 868 1264 942 canonum
1282 868 1362 933 pro-¹

268 949 374 1016 sessor
390 950 572 1031 primarius,
591 967 717 1016 necnon
741 951 898 1016 ecclesiae
914 949 1102 1031 collegiatae
1126 951 1227 1014 sancti
1244 950 1354 1016 lacohi

267 1049 560 1124 Luraniidecanus,
572 1049 931 1114 clarissimnsdomincs
942 1049 1075 1114 hlicha'e'l
1089 1049 1153 1112 Van
1166 1049 1349 1122 donperre,

265 1148 349 1229 juris
373 1146 542 1228 utriusque
563 1146 677 1212 doctor
700 1157 731 1211 et
746 1147 829 1229 iuris
853 1147 958 1212 civilis
982 1147 1147 1227 professor
1170 1147 1355 1228 primarius,

268 1253 300 1311 et
330 1245 526 1312 reverendus
555 1261 593 1310 ac
622 1246 863 1312 eruditissimus
893 1247 1043 1311 dominus
1070 1246 1251 1311 Anthonius
1279 1245 1355 1312 Ver·

270 1345 408 1418 meulon,
427 1344 605 1426 presbyter,
623 1361 734 1409 sacrae
751 1345 933 1427 theologiae
951 1345 1131 1410 licentiatus
1147 1355 1178 1410 et
1199 1344 1356 1410 ecclesiae

269 1451 396 1508 sanctae
412 1441 579 1506 Gertrudis
595 1452 714 1523 pastor,
742 1443 785 1507 uti
802 1449 833 1507 et
849 1453 1007 1525 tamquam
1026 1442 1212 1523 provisores
1228 1442 1356 1524 collegii

269 1541 433 1607 Vaulxiani
460 1541 493 1604 in
516 1540 603 1606 dicto
626 1542 745 1621 oppido
768 1551 799 1606 et
823 1542 1035 1607 Universitate
1060 1541 1251 1607 lovaniensi
1266 1560 1273 1616 ;
1288 1541 1354 1622 qui,

270 1639 360 1716 visis,
385 1648 507 1704 mature
533 1639 720 1704 examinatis
746 1649 777 1704 et
804 1641 885 1706 bene
912 1641 1081 1721 perpensis
1105 1641 1211 1716 modu,
1240 1641 1354 1714 forma,

269 1738 384 1804 mediis
407 1749 437 1804 et
453 1737 692 1803 conditionibus
716 1755 772 1818 per
794 1739 1009 1804 venerandam
1033 1739 1214 1804 facultatem
1239 1737 1354 1802 artium

268 1837 365 1902 studii
394 1837 554 1919 generalis
585 1835 660 1901 dicti
691 1837 800 1918 oppidi
832 1845 862 1902 el
889 1838 1114 1903 Unir‘ersitutis
1145 1835 1356 1902 lovaniensis

271 1934 455 2017 propositis,
474 1934 591 2016 ouibus
614 1935 758 2016 requirit,
778 1943 810 2000 ut
829 1935 912 2002 idem
929 1937 1099 2019 collegium
1123 1936 1183 2000 sihi
1201 1936 1352 2015 incorpo-

269 2043 356 2100 retur
378 2042 410 2100 et
425 2033 625 2115 relinquatur
650 2035 854 2100 omnimodae
877 2052 955 2101 suae
973 2035 1191 2116 dispositioni,
1209 2035 1250 2098 ita
1268 2035 1354 2115 quod

269 2140 300 2198 et
315 2132 496 2214 subiectum
514 2134 606 2208 foret,
624 2141 654 2196 et
670 2150 769 2215 penes
786 2133 872 2198 illam
896 2145 983 2200 esset
1000 2151 1167 2199 assumere
1190 2141 1354 2214 regentem

270 2239 300 2297 et
316 2232 531 2312 professores,
550 2230 667 2296 ibidem
685 2233 773 2314 leges
788 2241 819 2298 ct
835 2242 952 2298 statuta
969 2233 1122 2306 condere,
1140 2241 1172 2297 et
1188 2231 1355 2312 invigilare

268 2328 338 2412 ejus
354 2327 512 2410 regimini,
530 2345 569 2394 eo
587 2329 649 2395 hnc
666 2337 699 2393 nt
714 2331 818 2410 possit
839 2331 999 2396 celebrior
1014 2331 1067 2395 hic
1082 2329 1213 2395 excitari
1229 2327 1352 2403 schola,

268 2444 349 2511 quae
371 2437 402 2491 et
418 2427 662 2492 Universitatem
687 2438 876 2504 ornaretur
899 2429 929 2492 in
946 2445 1008 2510 qua
1029 2431 1170 2494 exactius
1193 2428 1225 2490 in
1241 2429 1354 2492 huma·

265 2526 410 2592 nicrihus
426 2526 542 2590 studiis
561 2536 670 2605 posset
685 2526 804 2590 erudiri
820 2521 995 2607 iuventus,
1010 2537 1119 2592 certos
1143 2525 1354 2608 proponendo

265 2625 376 2690 modos
393 2634 424 2690 et
437 2625 552 2698 media,
567 2625 683 2706 quibus
699 2625 809 2689 eadem
823 2625 934 2689 schola
951 2625 1110 2689 illustrior
1122 2624 1213 2688 reddi
1230 2631 1352 2704 posset,

263 2725 359 2807 idque
372 2725 459 2806 juxta
475 2725 643 2804 scriptum,
661 2723 753 2806 cujus
771 2733 863 2788 tenor
881 2725 952 2788 talis
969 2734 1029 2799 cst,
1050 2734 1083 2787 ut
1104 2723 1261 2804 sequitur.

305 2940 445 2998 Oetaedam
458 2945 649 2993 concernentia
662 2943 806 3004 collegium
820 2943 980 2992 litterarum
994 2943 1158 3004 erigendum
1172 2938 1291 2991 Louanit'
1305 2956 1314 2991 .·

305 3112 419 3174 Primo.
434 3110 565 3177 Videtur
578 3111 654 3176 illud
669 3111 931 3176 constituendum
946 3111 1032 3175 circa
1047 3112 1186 3175 medium
1201 3110 1351 3186 civitatis,

264 3214 296 3272 ut
312 3209 368 3272 lilii
384 3209 501 3274 civium
519 3210 658 3292 undiquc
676 3209 799 3274 facilius
816 3209 892 3274 illud
911 3211 1115 3292 frequentare
1134 3211 1274 3290 possint.

304 3307 456 3374 Secundo.
484 3307 616 3374 Videtur
635 3309 665 3372 in
691 3318 855 3391 regentem
878 3311 1093 3374 assumendus
1116 3309 1165 3372 vir
1190 3308 1351 3390 egregins,

266 3423 328 3472 non
345 3407 450 3473 solum
466 3407 497 3470 in
515 3408 735 3473 oeconomicis
758 3409 815 3472 scd
832 3409 926 3472 etiam
943 3408 975 3471 in
996 3407 1111 3472 litteris
1134 3416 1294 3476 versatus.
1320 3416 1353 3471 ut

267 3505 437 3572 lectionem
454 3507 577 3571 ethices
594 3507 720 3588 publice
735 3524 809 3572 cum
826 3507 950 3572 honore
965 3507 1082 3572 decere
1097 3505 1213 3588 possit.
1345 3588 1346 3591 Ἴ

310 3605 422 3668 Tertio.
435 3605 592 3670 Videntur
603 3606 789 3671 assumendi
804 3605 1008 3688 professores
1020 3606 1052 3669 in
1066 3605 1181 3670 litteris
1195 3605 1351 3686 insignes,

268 3701 350 3767 inter
366 3720 448 3785 quos
464 3703 607 3769 eminere
622 3705 736 3770 debeat
754 3705 922 3786 professor
938 3705 1130 3784 rhetorices,
1144 3715 1176 3770 ut
1192 3705 1353 3787 publicam

267 3802 447 3869 rhetoricae
492 3803 663 3870 lectionem
694 3813 725 3870 cl
755 3805 848 3869 etiam
884 3803 1082 3869 dialecticam
1118 3821 1178 3868 suo
1209 3813 1353 3883 tempore

267 3900 445 3968 honorifice
461 3903 588 3968 tradere
605 3904 718 3984 possit.

310 3998 437 4079 Quarto.
455 3999 598 4079 Videtur,
617 4003 700 4082 quod
726 4003 900 4083 praedictis
919 4003 1042 4084 regenti
1065 4012 1095 4066 et
1113 4000 1352 4083 professoribus

268 4099 309 4162 sit
324 4100 556 4180 providendum
577 4102 617 4164 de
632 4100 803 4166 sufficienti
820 4102 992 4182 stipendio,
1009 4118 1047 4166 ex
1063 4117 1127 4182 quo
1143 4100 1214 4166 sine
1229 4099 1353 4164 studio-
