3130 4956
623 491 664 510 -
685 455 745 528 stt
765 493 813 569 ·.

162 655 228 720 ouo
245 639 366 706 domiui
383 637 486 723 ipsum
510 650 686 716 amoveant,
712 651 744 708 ut
767 642 936 723 dignentur
956 637 1075 705 domini
1092 639 1245 722 deputare

162 753 273 805 certos
282 742 536 817 commissarios,
547 742 598 825 oui
612 741 1044 808 successoremccmmodum
1057 757 1114 821 pro
1124 742 1245 806 bonore

164 839 325 904 facultatis
350 850 497 921 querant,
524 851 651 908 etcum
678 841 750 922 ipso
779 840 839 905 sub
867 839 965 905 certis
993 838 1243 914 conditionibus,

165 949 278 1020 postea
297 941 328 1003 in
346 941 494 1006 facultate
511 941 720 1021 publicandis,
738 939 927 1021 transigant.

206 1039 320 1114 Quoad
350 1040 488 1122 primuni
511 1040 677 1104 articulum
705 1055 762 1121 pro
784 1037 943 1103 facultatis
965 1035 1075 1120 majori
1097 1035 1247 1101 informa·

163 1138 256 1204 tione
277 1139 423 1203 recitavit
444 1138 592 1204 domiuus
613 1141 754 1204 decanus
770 1137 1009 1204 conclusionem
1026 1155 1083 1218 per
1097 1135 1247 1202 dominos

162 1236 339 1318 deputatos
353 1238 384 1300 iu
399 1238 460 1303 boc
470 1239 596 1320 negotio
611 1247 685 1304 ante
701 1237 867 1320 prandium
882 1235 1102 1318 captam,legit
1117 1249 1244 1318 quoque

163 1337 394 1416 magistrorum
413 1337 482 1399 bilii
499 1337 774 1419 supplicationem.
793 1336 969 1416 Propositis
985 1335 1089 1417 itaque
1104 1334 1155 1399 bis
1170 1333 1247 1398 arti·

162 1435 250 1500 culis
264 1435 296 1497 in
313 1435 573 1500 deliberationem
590 1435 740 1510 facultati,
755 1452 792 1498 ex
804 1434 1087 1500 deliberationibus
1099 1433 1245 1499 domino·

164 1549 236 1596 rum
265 1533 427 1598 conclusit
452 1533 602 1600 dominus
628 1535 769 1600 decanus
787 1551 794 1598 :
811 1535 855 1598 nd
873 1533 1009 1616 primum
1027 1551 1034 1592 :
1050 1547 1108 1614 pro
1123 1531 1246 1604 bonore

162 1631 271 1710 ipsius
295 1633 437 1714 regentis
461 1634 604 1698 moderni
626 1634 730 1698 adbuc
744 1633 843 1699 semel
859 1635 961 1715 ipsum
977 1649 1051 1698 esse
1065 1631 1243 1698 vocandum

163 1741 195 1796 et
212 1731 409 1796 audiendum
427 1749 524 1814 super
539 1734 679 1814 querelis
695 1735 919 1815 magistrorum
936 1749 994 1798 sue
1009 1733 1133 1806 domus,
1151 1729 1246 1814 idque

165 1846 277 1894 coram
294 1830 455 1911 deputatis
471 1832 642 1897 ordinariis
659 1832 759 1913 ipsius
775 1831 944 1906 facultatis,
961 1831 1135 1910 assumptis
1151 1827 1246 1894 simul

165 1930 301 1995 domiuo
323 1930 456 1996 doctore
480 1931 609 1996 domino
630 1931 779 1996 vulmaro
794 1939 825 1995 et
840 1929 1022 1996 senioribus
1038 1929 1088 2003 iis,
1107 1928 1248 2010 quiante

164 2029 337 2111 prandium
366 2030 449 2094 idem
477 2030 636 2111 negotium
665 2037 891 2105 tractaverunt,
915 2037 946 2094 et
967 2027 1006 2092 ab
1023 2027 1072 2090 bis
1088 2025 1182 2092 bunis
1198 2041 1248 2090 ra·

162 2127 309 2192 tionibus
335 2128 548 2192 inducendum
575 2145 648 2193 esse
675 2127 840 2192 dominum
866 2136 1028 2210 regentem
1057 2126 1187 2201 dictum,
1215 2133 1249 2192 ut

164 2226 252 2291 ultro
280 2227 454 2308 regentium
480 2243 570 2291 suam
593 2227 754 2308 resignet;
771 2228 855 2309 quod
879 2227 906 2291 si
929 2225 1035 2291 induci
1053 2242 1115 2290 uon
1132 2225 1247 2307 possit,

164 2325 350 2389 facultatem
371 2325 468 2390 dictis
488 2326 646 2406 deputatis
661 2326 738 2391 dare
755 2326 926 2407 plenariam
944 2333 1130 2408 potestatem
1144 2325 1248 2408 ipsum

164 2424 363 2488 destituendi
389 2441 447 2489 sua
474 2426 627 2508 regentia,
655 2425 682 2489 si
709 2425 789 2508 ipsis
812 2426 853 2490 ita
875 2425 1032 2501 videatur,
1048 2423 1249 2508 etquerendi

163 2522 276 2585 alium.

206 2623 254 2686 Ad
282 2621 460 2687 secundum
477 2645 485 2686 ε
505 2623 669 2688 nominant
690 2621 811 2690 domini
833 2621 1073 2688 commissarios
1084 2621 1247 2688 dominum

164 2721 339 2798 decanum,
362 2721 511 2788 dominos
534 2723 714 2788 licentiatos
736 2722 922 2804 magistrum
937 2722 1102 2787 Nicolaum
1117 2720 1157 2786 de
1172 2719 1249 2784 Fra·

164 2821 264 2896 ainis,
282 2821 471 2902 magistrum
487 2821 638 2888 Davidem
652 2821 820 2903 Sexagium
833 2829 863 2888 et
876 2822 1061 2902 magistrum
1072 2820 1247 2886 iohannem

164 2920 345 2998 Rcllenum,
371 2930 405 2985 ut
428 2937 499 2986 cum
522 2937 712 2986 successore
731 2920 918 3004 transigant,
935 2920 992 2985 sed
1007 2937 1079 2986 curu
1095 2918 1249 2986 relatione

164 3021 204 3084 ad
221 3020 417 3086 facultatem.
437 3019 527 3096 bora,
545 3019 625 3096 Vlll,
638 3021 698 3087 fol.
715 3020 775 3085 290
790 3031 871 3087 rr-et
885 3019 942 3086 sat
961 3031 1000 3089 rt.

209 3219 266 3283 llic
289 3219 418 3291 reneis,
442 3217 570 3299 septima
593 3219 706 3282 mensis
727 3217 897 3282 novembris
911 3215 1103 3300 illuminata
1117 3216 1249 3282 conclu·

166 3317 293 3382 sionem
307 3315 472 3382 facultatis
487 3317 588 3397 pridie
602 3326 738 3397 captam,
756 3325 888 3381 vocatus
903 3325 952 3382 cst
967 3315 1117 3382 daminus
1132 3331 1248 3397 regens

168 3416 237 3480 lilii
260 3431 370 3480 coram
387 3415 546 3496 deputatis
561 3415 744 3489 ordinariis,
761 3415 891 3480 domino
906 3415 1038 3481 doctore
1053 3415 1201 3479 vulmaro
1216 3421 1248 3479 et

166 3513 353 3580 senioribus
379 3513 536 3578 facultatis
562 3514 749 3596 assumptis,
777 3524 811 3580 ut
832 3515 956 3580 audiret
971 3514 1118 3596 querelas
1133 3513 1247 3596 magis-

168 3623 292 3679 trorum
304 3629 364 3678 sue
376 3613 502 3686 domus,
516 3623 547 3678 et
558 3613 652 3679 simul
664 3615 904 3681 conclusionem
915 3614 1245 3696 priusdeputatorum,

166 3712 286 3778 deinde
301 3711 400 3776 totius
416 3711 572 3778 facultatis
588 3713 626 3776 ad
643 3713 715 3777 illas
730 3714 879 3795 querelas
893 3713 1009 3778 datam.
1023 3713 1084 3778 Pro
1096 3712 1248 3777 informa-

168 3811 255 3876 tione
267 3811 374 3892 itaoue
385 3811 598 3886 dominorum,
613 3813 642 3876 in
658 3813 817 3893 presentia
829 3812 1249 3895 ipsinsregentis,cxpcsuit

169 3910 320 3975 dominus
336 3909 477 3976 decanus
492 3919 560 3975 acta
579 3911 779 3992 precedentis
794 3912 876 3988 dlei;
894 3911 970 3994 legit
984 3928 1111 3993 quoque
1130 3910 1247 3992 suppli·

169 4009 329 4074 cationcm
355 4010 577 4091 magistrorum
606 4010 687 4074 lilii.
716 4009 782 4087 Qua
812 4019 876 4076 tota
907 4011 1056 4092 perlecta,
1086 4009 1250 4075 admonuit

169 4107 336 4172 dominum
357 4118 521 4190 regentem
544 4117 588 4183 ut,
606 4110 633 4175 si
650 4111 724 4192 quid
741 4118 853 4176 contra
869 4110 926 4175 bas
942 4111 1088 4193 querelas
1104 4109 1245 4184 baberet,

170 4223 235 4291 quo
263 4225 301 4277 se
330 4219 515 4298 excusatum
542 4211 648 4288 vallet,
677 4211 777 4280 libere
805 4227 912 4279 coram
941 4209 1080 4278 dominis
1112 4211 1244 4278 diceret.
