3158 4952
647 507 832 570 -357-

207 688 329 762 linium,
351 688 435 754 unde
451 689 546 754 Falco
568 687 752 769 dependere
768 688 850 752 solet
872 695 902 752 et
919 685 1075 767 plurimos
1091 686 1210 752 babere
1229 685 1297 750 dis-

206 786 345 868 cipulos.
370 788 495 853 bomini
522 795 702 853 annuerunt
729 787 790 868 ipsi
813 787 947 869 gratiam
975 787 1104 867 petitaru
1128 803 1230 867 usque
1256 785 1295 850 ad

206 885 304 950 tinem
329 886 430 967 quinti
453 885 527 951 nuni
556 886 698 968 regentie
725 903 794 960 sue,
814 885 945 952 liniendi
961 885 1022 968 xxij
1046 885 1190 950 octobris
1211 901 1295 949 anno

208 984 251 1060 lx,
276 985 490 1050 decernentes
515 985 612 1066 qnod,
636 986 741 1066 spatio
764 985 826 1049 lroc
847 983 1075 1066 quinquennali
1099 984 1201 1059 linito,
1226 999 1296 1048 rnr-

205 1100 279 1147 sum
295 1083 455 1164 supplicet
478 1099 536 1164 pro
554 1084 698 1149 ulteriori
720 1085 833 1166 gratia,
853 1083 879 1148 si
903 1100 985 1165 opus
1000 1099 1074 1147 esse
1094 1081 1295 1164 judicaverit.

208 1184 300 1256 Aera,
319 1181 400 1256 vlu,
419 1181 474 1246 iol.
493 1181 552 1244 lle
568 1193 608 1245 r0.

249 1333 307 1396 [lie
332 1333 450 1409 merlis,
474 1334 541 1414 cxij
563 1336 678 1397 menois
699 1333 866 1397 decembris
889 1331 980 1407 1561,
1005 1330 1157 1411 magister
1183 1329 1297 1394 Petrus

205 1431 373 1504 llorenus,
399 1447 514 1512 regens
542 1432 708 1513 pedagogi
736 1431 896 1508 Falconis,
922 1429 1063 1509 porrexit
1089 1427 1297 1510 supplicatio·

206 1544 278 1594 nent
296 1529 450 1603 facultati,
465 1540 578 1611 petens
595 1547 611 1594 a
629 1531 776 1595 laenitate
793 1539 936 1595 mutuum
955 1529 1167 1594 ducentorum
1184 1542 1297 1591 renen-

204 1627 303 1702 sium,
321 1645 404 1709 quos
428 1628 583 1709 promittit
606 1630 801 1694 restituere:
819 1637 947 1694 eentum
966 1627 1116 1692 videlicet
1138 1641 1294 1691 renenses

206 1727 289 1790 intra
313 1744 431 1791 anuurn
450 1744 558 1803 unum,
577 1729 720 1810 reliquos
734 1738 862 1793 centum
886 1728 967 1792 intra
983 1727 1066 1791 duos
1081 1743 1195 1800 annos,
1212 1725 1296 1791 obli·

205 1835 341 1906 gaturus
364 1843 455 1891 snam
473 1844 643 1907 personam
668 1844 791 1908 suaque
806 1828 925 1902 omnia,
943 1826 1104 1906 presentia
1123 1835 1156 1891 et
1178 1825 1294 1900 lutura,

208 1941 266 2003 pro
288 1924 375 1989 dieto
399 1934 521 1989 mutuo.
548 1925 744 2008 Supplicarit
764 1925 859 1989 etiarn
884 1926 966 1990 idern
990 1923 1143 1996 facultati,
1170 1933 1202 1987 nt
1223 1923 1298 1986 velit

208 2023 271 2087 boc
285 2039 370 2088 anuo
386 2040 463 2088 esse
478 2035 628 2088 contenta
649 2041 706 2104 pro
722 2025 847 2106 locagio
863 2025 980 2090 domus
997 2022 1213 2104 pedagogialis
1229 2022 1298 2084 Fal·

208 2122 302 2188 eoois
317 2132 446 2187 centurn
469 2123 601 2187 llorenis
619 2132 752 2187 tantum.
771 2123 808 2187 Et
830 2140 868 2188 ex
887 2121 1173 2187 deliberationibus
1195 2121 1299 2186 dorni·

209 2237 323 2285 norum
348 2237 405 2302 pro
429 2221 540 2302 majori
565 2233 654 2302 parte
680 2223 841 2286 eorrelusit
862 2221 1012 2285 domiuus
1035 2222 1187 2292 decanus,
1211 2219 1297 2301 quod

208 2319 343 2384 lacultas
365 2320 477 2386 optauit
501 2322 646 2402 predicto
663 2322 784 2402 regenti
809 2331 951 2384 mutuum
968 2321 1072 2385 solnm
1095 2328 1223 2384 centurn
1246 2335 1297 2383 re-

210 2419 358 2484 nensium
376 2419 489 2496 semel,
509 2420 598 2484 salvo
614 2430 730 2493 tamen,
749 2429 782 2484 ut
799 2430 919 2500 prestet
933 2419 1161 2500 obligationem
1182 2417 1297 2498 legitti-

210 2533 292 2582 mam
320 2518 443 2582 desua
473 2535 623 2598 persona,
659 2518 791 2598 suisque
818 2517 1022 2596 presentibus
1048 2527 1079 2582 et
1103 2516 1228 2592 suturis,
1259 2516 1299 2582 de

210 2617 410 2682 restituendo
428 2616 510 2680 iutra
536 2633 653 2681 aunum
679 2633 787 2680 uuum.
805 2616 844 2680 Et
862 2615 902 2680 do
926 2615 1049 2695 locogio
1065 2615 1180 2679 domus
1204 2614 1299 2694 peda·

207 2715 345 2796 gogialis
368 2715 428 2779 erit
448 2715 584 2780 incultas
608 2715 669 2780 lroe
684 2733 768 2780 atino
791 2722 940 2780 contenta
956 2723 1084 2778 centum
1108 2713 1300 2779 renensibns

210 2821 345 2878 laniunt.
363 2815 454 2889 Acri,
468 2813 549 2890 vlll,
569 2813 622 2878 lot.
642 2814 701 2878 189
716 2825 758 2878 r⁰.

251 2964 443 3037 0131131113,
461 2965 549 3027 tertie
567 2965 680 3028 merrsis
695 2965 821 3027 celebris
839 2964 930 3039 1561,
950 2962 1067 3026 indicta
1085 2961 1143 3026 luit
1161 2978 1298 3043 congre·

206 3061 293 3142 gallo
317 3062 475 3127 facultatis
502 3065 534 3126 in
559 3063 682 3128 sobolis
710 3063 837 3137 artium,
857 3063 939 3127 iuter
954 3072 1099 3126 octavam
1123 3070 1154 3126 et
1181 3076 1297 3125 nonam

208 3160 317 3224 boras.
335 3159 471 3235 Quintus
487 3162 643 3227 articulus
666 3172 733 3227 erat
749 3162 788 3225 ad
812 3161 1006 3225 audiendum
1030 3160 1296 3240 supplicationem

207 3257 329 3322 domiui
358 3260 500 3340 regentis
528 3259 694 3336 Falconis,
723 3261 776 3341 qui
804 3259 995 3340 supplicarit
1023 3275 1079 3340 pro
1106 3259 1299 3324 remissione

209 3355 218 3418 l
239 3357 425 3421 renensium
448 3358 488 3422 de
510 3358 637 3438 locagio
664 3375 724 3423 sno
749 3359 863 3423 domus
887 3355 1116 3438 pedagogialis,
1142 3357 1190 3420 sie
1213 3355 1298 3436 quod

207 3453 269 3519 boc
284 3471 369 3520 anuo
384 3465 416 3520 et
431 3457 644 3538 sequentibus
659 3457 753 3520 anuis
769 3465 891 3520 tanturn
909 3456 1049 3521 solveret
1065 3454 1205 3520 facultati
1222 3471 1297 3520 een·

207 3561 271 3616 turn
288 3571 458 3626 repenses,
472 3555 524 3620 ubi
543 3572 581 3619 ex
596 3556 810 3620 conventione
826 3572 898 3620 oum
912 3554 1060 3618 laenitate
1076 3553 1154 3618 inita
1166 3552 1297 3619 deberet

206 3649 346 3718 facultati
363 3655 550 3720 satisl'aeere
565 3653 723 3719 ducentos
739 3670 904 3719 repenses.

245 3750 405 3827 Quantum
427 3753 465 3816 ad
491 3754 638 3834 quintum
661 3753 866 3832 [articuluuu.
884 3751 1008 3818 seilicet
1029 3751 1295 3833 supplicationem

204 3849 326 3914 domini
351 3851 492 3932 regentis
508 3852 670 3929 Falconis,
689 3853 809 3918 domini
826 3861 1018 3925 statuerunt,
1036 3851 1120 3932 quod
1145 3851 1297 3917 domiuus

205 3963 321 4029 regens
342 3949 491 4015 Falconis
514 3951 557 4015 sit
577 3951 812 4027 admonendus,
831 3961 974 4032 utquam
998 3949 1165 4024 citissime,
1182 3950 1296 4014 saltem

203 4047 286 4111 inira
307 4048 392 4114 duos
409 4065 549 4123 menses,
569 4049 664 4114 iaciat
679 4066 774 4114 suurn
790 4060 988 4130 computum,
1007 4057 1040 4114 nt
1055 4049 1189 4114 incultas
1211 4047 1297 4114 scire

206 4147 309 4228 possit
323 4158 443 4214 statum
458 4149 574 4216 domus
591 4150 759 4227 Falconis;
776 4161 819 4228 er,
837 4150 898 4214 buc
914 4151 1008 4225 lacto,
1026 4149 1160 4214 facultas
1175 4149 1216 4214 de
1238 4163 1296 4214 sua

204 4247 441 4329 supplicatione
467 4264 525 4313 seo
553 4248 706 4330 petitione
731 4248 837 4324 laniet,
862 4249 948 4329 quod
974 4263 1091 4331 equum
1117 4257 1148 4313 el
1171 4247 1294 4330 justum

205 4344 276 4410 erit.
294 4349 385 4422 dora,
402 4345 482 4422 vlll,
501 4347 555 4413 lol.
573 4346 634 4411 eei
649 4355 693 4413 v⁰.
