3236 4952
755 437 941 503 484-

341 619 442 684 llahet
457 620 537 684 haec
552 617 665 684 schole
680 617 742 683 ltoc
758 617 971 700 privilegium,
989 630 1023 687 ut
1045 639 1136 698 suos,
1154 624 1292 692 decurso
1315 637 1385 695 stu·

298 717 425 783 diorum
448 717 565 798 spatio,
589 717 698 782 laurea
720 717 829 793 donet,
846 727 878 784 et
899 719 938 783 ad
962 719 1138 787 lectoratus
1159 725 1385 805 gradumsed

298 816 383 882 intra
408 815 566 890 ordinem,
594 825 791 896 promoveat.
818 816 866 881 rld
892 818 975 883 hanc
1002 819 1148 885 scholam
1178 839 1242 886 non
1270 823 1386 908 Belgae

295 925 430 990 tantum,
467 915 525 980 sed
566 931 605 978 ex
634 913 720 978 omni
762 915 893 980 natione
927 915 1124 1000 reginaeque
1159 920 1385 1000 admittuntur,

292 1013 453 1096 hodieque
464 1017 558 1090 (anno
571 1011 660 1089 tout)
672 1011 705 1076 io
716 1027 896 1094 oeoperam
907 1013 1024 1079 studiis
1036 1014 1114 1080 dant
1126 1015 1252 1096 Poloni,
1267 1019 1381 1088 Franci

294 1113 424 1195 aliique.
843 1141 852 1181 t

332 1211 394 1278 liic
416 1210 589 1294 aliquando
615 1226 750 1294 magnus
775 1209 829 1275 ille
852 1211 1078 1293 theologorum
1105 1213 1268 1296 princeps,
1286 1217 1384 1286 divus

290 1311 428 1378 Thomas
443 1311 598 1392 Aquinas,
615 1309 747 1375 lectoris
763 1307 869 1375 officio
892 1311 1022 1376 iunctus
1038 1319 1100 1377 est.
1117 1311 1229 1396 Neque
1244 1331 1281 1380 ea
1296 1317 1380 1383 lama

291 1420 413 1476 tantum
429 1419 496 1486 est;
513 1409 608 1476 lldem
625 1407 701 1474 lacit
715 1407 872 1488 scriptum
888 1409 1063 1492 quoddam,
1081 1411 1165 1492 quod
1189 1413 1221 1476 in
1237 1413 1378 1481 archivis

290 1509 387 1592 hujus
401 1507 551 1574 coenohii
573 1517 768 1583 asservatur,
792 1507 824 1570 in
844 1523 909 1590 quo
933 1507 976 1572 ita
992 1509 1237 1589 subscriptum:
1261 1512 1381 1578 Fatum

288 1609 411 1674 Tronis
440 1627 477 1672 oa
504 1609 632 1680 Acutro,
662 1607 696 1670 S.
725 1606 783 1670 Tu.
815 1623 937 1672 tecnon.
967 1605 1047 1672 llum
1089 1607 1143 1674 hic
1175 1609 1252 1675 olim
1282 1627 1379 1676 evan-

287 1709 419 1794 pelium,
450 1707 582 1772 hlherto
611 1721 727 1788 magno
756 1722 824 1771 rem
859 1705 1000 1771 divinam
1031 1706 1181 1783 faciente,
1213 1710 1378 1777 cecinisse

287 1817 412 1874 certum
428 1817 488 1871 est.
506 1805 583 1871 ideo
604 1816 635 1872 et
651 1805 820 1886 pulpitum,
837 1821 957 1888 expuo
979 1803 1108 1880 cecinit,
1126 1814 1157 1871 et
1172 1818 1374 1890 suggestum,

288 1923 327 1974 ex
352 1922 417 1986 quo
442 1903 562 1980 docuit,
589 1905 629 1969 ad
656 1911 841 1988 perpetuam
865 1903 1053 1970 memoriam
1079 1903 1252 1970 etiamnum
1279 1911 1376 1988 (anno

288 2003 379 2081 1626)
395 2012 537 2068 servant.

329 2103 375 2168 lle
404 2101 529 2167 eximiis
553 2100 632 2165 viris
652 2099 717 2164 illis
741 2099 937 2166 dominicani
962 2101 1101 2177 ordinis,
1127 2101 1194 2184 qui,
1219 2115 1373 2172 nascente

287 2200 470 2276 Academia,
490 2199 707 2281 theologicum
730 2199 871 2264 studium
894 2199 1142 2280 inchoaverunt,
1167 2201 1252 2267 inter
1273 2203 1375 2270 laetos

287 2300 472 2367 doctorales
507 2315 620 2364 sacrae
656 2299 838 2380 theologiae
872 2299 1053 2364 referimus.
1081 2299 1208 2382 hliique
1245 2311 1375 2368 aeterna

288 2400 443 2466 memoria
458 2397 636 2481 dignissimi
652 2397 842 2464 floruerunt.
859 2399 964 2482 litque
979 2397 1139 2480 imprimis
1154 2399 1239 2466 inter
1254 2401 1375 2468 multos

287 2499 370 2565 alios
391 2499 533 2565 loannes
552 2497 742 2573 lientenius,
766 2513 878 2564 sacrae
899 2497 1082 2579 theologiae
1105 2499 1219 2564 doctor
1241 2509 1273 2565 et
1296 2517 1373 2582 pro·

286 2599 391 2665 sessor
416 2596 658 2670 celeberrimus,
682 2612 721 2661 ac
742 2595 869 2677 linguae
891 2611 1007 2678 graecae
1031 2597 1144 2677 peritia
1168 2597 1374 2664 excellentis·

284 2696 403 2772 simus;
420 2696 474 2778 qui
489 2694 649 2760 facultatis
665 2695 866 2776 theologicae
880 2693 1074 2761 authoritate
1089 2712 1180 2760 soora
1194 2695 1295 2761 Bihlia
1309 2713 1372 2763 suo

284 2811 322 2861 ac
350 2795 491 2877 genuino
529 2793 625 2859 nitori
654 2793 807 2858 restituit.
843 2793 921 2875 ttjus
955 2792 1121 2874 ingenium
1158 2805 1374 2875 suspexerunt

285 2902 537 2974 amaveruntque
557 2891 692 2958 Carolus
708 2891 743 2968 V,
760 2892 947 2972 imperator,
964 2901 997 2958 et
1012 2890 1181 2974 Philippus
1195 2893 1237 2968 ll,
1254 2893 1372 2974 lllspa-

286 2992 412 3057 niarum
428 2992 613 3057 monarcha.

328 3090 521 3156 Prodiorunt
552 3089 648 3156 etiam
683 3089 759 3154 hinc
794 3089 907 3154 heatus
943 3089 1082 3155 Thomas
1111 3088 1368 3171 cantipratanus,

284 3187 508 3271 suffraganeus
542 3189 705 3271 quondam
739 3187 914 3269 opiscopus
950 3181 1137 3265 cameraci,
1172 3188 1368 3256 Eustachius

283 3288 324 3355 de
345 3287 506 3364 Zichenis,
523 3299 635 3355 contra
656 3287 831 3354 lutherum
852 3295 885 3352 et
906 3286 1075 3353 Erasmum
1101 3287 1233 3369 scriptis
1254 3287 1369 3354 claris·

281 3387 403 3465 simus;
430 3386 562 3469 Pipinus
587 3386 686 3463 Rosa,
709 3385 870 3467 quondam
895 3384 1083 3452 liechliniae
1104 3386 1279 3468 episcopus
1301 3386 1365 3453 sui·

281 3485 465 3567 fraganous,
503 3499 577 3550 oum
612 3483 920 3565 archiepiscopalem
946 3483 1033 3548 illam
1056 3483 1168 3550 sedem
1194 3485 1368 3552 cardinalis

281 3582 515 3649 Granvellanus
529 3591 723 3664 oocuparot;
741 3581 933 3650 Godolridus
952 3583 1095 3666 Stryroy,
1111 3591 1208 3666 atoue
1227 3583 1281 3650 alii
1298 3583 1368 3666 plu·

281 3699 345 3761 res,
361 3699 499 3765 quorum
511 3681 699 3750 memoriam
715 3682 795 3770 haec
804 3681 978 3748 Academia
993 3691 1149 3763 perpetuo
1161 3682 1324 3750 retinebit.

320 3781 430 3863 Neque
446 3790 566 3846 tantum
583 3781 746 3858 doctores,
763 3780 870 3846 sedet
889 3780 982 3848 divos
1004 3781 1067 3846 hoo
1082 3781 1274 3848 coenobium
1290 3797 1366 3866 pro·

279 3880 368 3946 duxlt
392 3897 400 3944 :
423 3880 552 3948 boatum
581 3878 672 3946 illum
701 3879 856 3945 Thomam
886 3879 1146 3961 cantipratanum
1175 3888 1206 3946 et
1235 3880 1365 3946 heatum

279 3978 450 4045 llonrioum
475 3996 492 4044 a
515 3977 663 4056 Galstris,
680 3995 720 4046 ex
743 3978 931 4061 perantiqua
955 3978 1220 4061 nobilissimaque
1246 3979 1365 4046 lamilia

277 4076 424 4155 Calauria,
441 4093 524 4159 quae
539 4077 572 4142 in
588 4079 651 4144 hoc
668 4077 859 4144 hovanlensi
874 4076 994 4159 oppido
1009 4085 1072 4144 est.
1087 4107 1090 4114 ·

319 4174 402 4241 illud
428 4193 504 4242 vero
531 4192 731 4260 nequaquem
757 4177 958 4244 reticendum
984 4199 993 4240 z
1020 4193 1060 4242 ex
1084 4176 1145 4242 hac
1168 4177 1282 4245 schole
1306 4175 1365 4242 ali·
