<?xml version="1.0" encoding="UTF-8"?>
<!DOCTYPE html PUBLIC "-//W3C//DTD XHTML 1.0 Transitional//EN"
    "http://www.w3.org/TR/xhtml1/DTD/xhtml1-transitional.dtd">
<html xmlns="http://www.w3.org/1999/xhtml" xml:lang="en" lang="en">
 <head>
  <title>
</title>
<meta http-equiv="Content-Type" content="text/html;charset=utf-8" />
  <meta name='ocr-system' content='tesseract 3.04.00' />
  <meta name='ocr-capabilities' content='ocr_page ocr_carea ocr_par ocr_line ocrx_word'/>
</head>
<body>
  <div class='ocr_page' id='page_1' title='image "./documentsrelati01reusgoog/documentsrelati01reusgoog_0338.png"; bbox 0 0 3158 4952; ppageno 0'>
   <div class='ocr_carea' id='block_1_1' title="bbox 660 432 914 504">
    <p class='ocr_par' dir='ltr' id='par_1_1' title="bbox 660 432 914 504">
     <span class='ocr_line' id='line_1_1' title="bbox 660 432 914 504; baseline -0.043 0"><span class='ocrx_word' id='word_1_1' title='bbox 660 493 665 504; x_wconf 95' lang='lat'>.</span> <span class='ocrx_word' id='word_1_2' title='bbox 727 432 914 496; x_wconf 79' lang='lat' dir='ltr'>-3ut--</span> 
     </span>
    </p>
   </div>
   <div class='ocr_carea' id='block_1_2' title="bbox 281 610 1367 1880">
    <p class='ocr_par' dir='ltr' id='par_1_2' title="bbox 281 610 1367 1880">
     <span class='ocr_line' id='line_1_2' title="bbox 282 610 1365 694; baseline 0.002 -22"><span class='ocrx_word' id='word_1_3' title='bbox 282 610 505 690; x_wconf 83' lang='lat' dir='ltr'>deputatorum</span> <span class='ocrx_word' id='word_1_4' title='bbox 531 628 630 692; x_wconf 92' lang='lat' dir='ltr'>super</span> <span class='ocrx_word' id='word_1_5' title='bbox 649 611 785 694; x_wconf 82' lang='lat' dir='ltr'>singulis</span> <span class='ocrx_word' id='word_1_6' title='bbox 815 613 958 678; x_wconf 78' lang='lat' dir='ltr'>articulis</span> <span class='ocrx_word' id='word_1_7' title='bbox 981 612 1062 677; x_wconf 90' lang='lat' dir='ltr'>alias</span> <span class='ocrx_word' id='word_1_8' title='bbox 1086 611 1138 676; x_wconf 93' lang='lat' dir='ltr'>die</span> <span class='ocrx_word' id='word_1_9' title='bbox 1161 611 1273 676; x_wconf 91' lang='lat' dir='ltr'>martis</span> <span class='ocrx_word' id='word_1_10' title='bbox 1294 611 1365 692; x_wconf 78' lang='lat' dir='ltr'>xxvj</span> 
     </span>
     <span class='ocr_line' id='line_1_3' title="bbox 282 708 1365 793; baseline 0.004 -21"><span class='ocrx_word' id='word_1_11' title='bbox 282 708 426 790; x_wconf 89' lang='lat' dir='ltr'>ejusdem</span> <span class='ocrx_word' id='word_1_12' title='bbox 442 710 564 774; x_wconf 82' lang='lat' dir='ltr'><strong>mensis</strong></span> <span class='ocrx_word' id='word_1_13' title='bbox 579 711 763 786; x_wconf 82' lang='lat' dir='ltr'>exhibitam,</span> <span class='ocrx_word' id='word_1_14' title='bbox 774 721 867 793; x_wconf 89' lang='lat' dir='ltr'>prout</span> <span class='ocrx_word' id='word_1_15' title='bbox 880 713 912 776; x_wconf 97' lang='lat' dir='ltr'>in</span> <span class='ocrx_word' id='word_1_16' title='bbox 928 712 1012 777; x_wconf 90' lang='lat' dir='ltr'>diota</span> <span class='ocrx_word' id='word_1_17' title='bbox 1028 711 1140 777; x_wconf 90' lang='lat' dir='ltr'>cedula</span> <span class='ocrx_word' id='word_1_18' title='bbox 1157 711 1253 776; x_wconf 87' lang='lat' dir='ltr'>latius</span> <span class='ocrx_word' id='word_1_19' title='bbox 1269 712 1365 776; x_wconf 89' lang='lat' dir='ltr'>babe-</span> 
     </span>
     <span class='ocr_line' id='line_1_4' title="bbox 282 808 1366 892; baseline 0.004 -21"><span class='ocrx_word' id='word_1_20' title='bbox 282 816 335 872; x_wconf 91' lang='lat' dir='ltr'>tur</span> <span class='ocrx_word' id='word_1_21' title='bbox 358 818 389 872; x_wconf 91' lang='lat' dir='ltr'>et</span> <span class='ocrx_word' id='word_1_22' title='bbox 409 808 603 874; x_wconf 80' lang='lat' dir='ltr'>continetur.</span> <span class='ocrx_word' id='word_1_23' title='bbox 627 809 664 873; x_wconf 86' lang='lat' dir='ltr'>Et</span> <span class='ocrx_word' id='word_1_24' title='bbox 691 811 723 874; x_wconf 95' lang='lat' dir='ltr'>in</span> <span class='ocrx_word' id='word_1_25' title='bbox 747 812 908 892; x_wconf 81' lang='lat' dir='ltr'>presentia</span> <span class='ocrx_word' id='word_1_26' title='bbox 928 811 1130 876; x_wconf 87' lang='lat' dir='ltr'>dominorum</span> <span class='ocrx_word' id='word_1_27' title='bbox 1147 812 1240 888; x_wconf 86' lang='lat' dir='ltr'>lecta,</span> <span class='ocrx_word' id='word_1_28' title='bbox 1259 811 1366 891; x_wconf 89' lang='lat' dir='ltr'>posuit</span> 
     </span>
     <span class='ocr_line' id='line_1_5' title="bbox 281 907 1365 990; baseline 0.004 -20"><span class='ocrx_word' id='word_1_29' title='bbox 281 907 432 972; x_wconf 91' lang='lat' dir='ltr'>dominus</span> <span class='ocrx_word' id='word_1_30' title='bbox 454 909 596 974; x_wconf 88' lang='lat' dir='ltr'>decanus</span> <span class='ocrx_word' id='word_1_31' title='bbox 618 908 649 971; x_wconf 93' lang='lat' dir='ltr'>in</span> <span class='ocrx_word' id='word_1_32' title='bbox 672 911 958 975; x_wconf 79' lang='lat' dir='ltr'>deliberationibus</span> <span class='ocrx_word' id='word_1_33' title='bbox 974 911 1188 983; x_wconf 88' lang='lat' dir='ltr'>dominorum,</span> <span class='ocrx_word' id='word_1_34' title='bbox 1203 909 1365 990; x_wconf 84' lang='lat' dir='ltr'>quomodo</span> 
     </span>
     <span class='ocr_line' id='line_1_6' title="bbox 282 1008 1365 1092; baseline 0.003 -22"><span class='ocrx_word' id='word_1_35' title='bbox 282 1017 313 1070; x_wconf 91' lang='lat' dir='ltr'>et</span> <span class='ocrx_word' id='word_1_36' title='bbox 339 1008 475 1088; x_wconf 81' lang='lat' dir='ltr'>qualiter</span> <span class='ocrx_word' id='word_1_37' title='bbox 500 1008 532 1071; x_wconf 94' lang='lat' dir='ltr'>in</span> <span class='ocrx_word' id='word_1_38' title='bbox 560 1008 742 1088; x_wconf 77' lang='lat' dir='ltr'>huiusmodi</span> <span class='ocrx_word' id='word_1_39' title='bbox 770 1011 870 1074; x_wconf 91' lang='lat' dir='ltr'>arduo</span> <span class='ocrx_word' id='word_1_40' title='bbox 893 1010 1021 1092; x_wconf 80' lang='lat' dir='ltr'>negotio</span> <span class='ocrx_word' id='word_1_41' title='bbox 1044 1010 1086 1074; x_wconf 91' lang='lat' dir='ltr'>sit</span> <span class='ocrx_word' id='word_1_42' title='bbox 1103 1009 1237 1073; x_wconf 90' lang='lat' dir='ltr'>ulterius</span> <span class='ocrx_word' id='word_1_43' title='bbox 1254 1024 1365 1090; x_wconf 91' lang='lat' dir='ltr'>proce-</span> 
     </span>
     <span class='ocr_line' id='line_1_7' title="bbox 283 1106 1366 1189; baseline 0 -19"><span class='ocrx_word' id='word_1_44' title='bbox 283 1107 434 1171; x_wconf 89' lang='lat' dir='ltr'>dendum.</span> <span class='ocrx_word' id='word_1_45' title='bbox 463 1107 540 1184; x_wconf 83' lang='lat' dir='ltr'>Post</span> <span class='ocrx_word' id='word_1_46' title='bbox 563 1108 689 1189; x_wconf 80' lang='lat' dir='ltr'>longam</span> <span class='ocrx_word' id='word_1_47' title='bbox 712 1109 943 1174; x_wconf 89' lang='lat' dir='ltr'>conferentiam</span> <span class='ocrx_word' id='word_1_48' title='bbox 962 1119 993 1174; x_wconf 91' lang='lat' dir='ltr'>et</span> <span class='ocrx_word' id='word_1_49' title='bbox 1008 1127 1046 1175; x_wconf 88' lang='lat' dir='ltr'>ex</span> <span class='ocrx_word' id='word_1_50' title='bbox 1062 1108 1248 1173; x_wconf 90' lang='lat' dir='ltr'>eorumdem</span> <span class='ocrx_word' id='word_1_51' title='bbox 1264 1106 1366 1172; x_wconf 92' lang='lat' dir='ltr'>domi-</span> 
     </span>
     <span class='ocr_line' id='line_1_8' title="bbox 282 1206 1366 1289; baseline 0.002 -21"><span class='ocrx_word' id='word_1_52' title='bbox 282 1223 397 1270; x_wconf 90' lang='lat' dir='ltr'>norum</span> <span class='ocrx_word' id='word_1_53' title='bbox 422 1207 708 1272; x_wconf 84' lang='lat' dir='ltr'>deliberationibus</span> <span class='ocrx_word' id='word_1_54' title='bbox 734 1209 854 1274; x_wconf 94' lang='lat' dir='ltr'>domini</span> <span class='ocrx_word' id='word_1_55' title='bbox 878 1209 1018 1289; x_wconf 89' lang='lat' dir='ltr'>deputati</span> <span class='ocrx_word' id='word_1_56' title='bbox 1041 1207 1275 1272; x_wconf 90' lang='lat' dir='ltr'>commiserunt</span> <span class='ocrx_word' id='word_1_57' title='bbox 1305 1206 1366 1270; x_wconf 90' lang='lat' dir='ltr'>boo</span> 
     </span>
     <span class='ocr_line' id='line_1_9' title="bbox 285 1305 1367 1385; baseline 0.002 -19"><span class='ocrx_word' id='word_1_58' title='bbox 285 1305 446 1385; x_wconf 85' lang='lat' dir='ltr'>negotium</span> <span class='ocrx_word' id='word_1_59' title='bbox 470 1305 670 1370; x_wconf 89' lang='lat' dir='ltr'>tractandum</span> <span class='ocrx_word' id='word_1_60' title='bbox 689 1323 746 1371; x_wconf 92' lang='lat' dir='ltr'>sen</span> <span class='ocrx_word' id='word_1_61' title='bbox 770 1307 1014 1370; x_wconf 82' lang='lat' dir='ltr'>examinandum</span> <span class='ocrx_word' id='word_1_62' title='bbox 1036 1306 1175 1370; x_wconf 92' lang='lat' dir='ltr'>dominis</span> <span class='ocrx_word' id='word_1_63' title='bbox 1200 1305 1367 1368; x_wconf 89' lang='lat' dir='ltr'>Tilmanno</span> 
     </span>
     <span class='ocr_line' id='line_1_10' title="bbox 283 1403 1365 1481; baseline 0 -16"><span class='ocrx_word' id='word_1_64' title='bbox 283 1403 409 1481; x_wconf 83' lang='lat' dir='ltr'>Clerici,</span> <span class='ocrx_word' id='word_1_65' title='bbox 437 1404 582 1468; x_wconf 85' lang='lat' dir='ltr'>servatio</span> <span class='ocrx_word' id='word_1_66' title='bbox 609 1405 809 1479; x_wconf 90' lang='lat' dir='ltr'>llensbercb‚</span> <span class='ocrx_word' id='word_1_67' title='bbox 837 1405 966 1470; x_wconf 89' lang='lat' dir='ltr'>Nicolao</span> <span class='ocrx_word' id='word_1_68' title='bbox 993 1406 1033 1470; x_wconf 92' lang='lat' dir='ltr'>de</span> <span class='ocrx_word' id='word_1_69' title='bbox 1058 1405 1171 1470; x_wconf 90' lang='lat' dir='ltr'>Castro</span> <span class='ocrx_word' id='word_1_70' title='bbox 1197 1413 1228 1468; x_wconf 93' lang='lat' dir='ltr'>et</span> <span class='ocrx_word' id='word_1_71' title='bbox 1253 1403 1365 1468; x_wconf 88' lang='lat' dir='ltr'>loanni</span> 
     </span>
     <span class='ocr_line' id='line_1_11' title="bbox 282 1502 1366 1585; baseline 0.001 -20"><span class='ocrx_word' id='word_1_72' title='bbox 282 1502 401 1576; x_wconf 87' lang='lat' dir='ltr'>blerio;</span> <span class='ocrx_word' id='word_1_73' title='bbox 425 1513 457 1566; x_wconf 91' lang='lat' dir='ltr'>et</span> <span class='ocrx_word' id='word_1_74' title='bbox 479 1502 563 1584; x_wconf 85' lang='lat' dir='ltr'>quod</span> <span class='ocrx_word' id='word_1_75' title='bbox 586 1504 737 1568; x_wconf 91' lang='lat' dir='ltr'>dominus</span> <span class='ocrx_word' id='word_1_76' title='bbox 763 1521 878 1585; x_wconf 84' lang='lat' dir='ltr'>regens</span> <span class='ocrx_word' id='word_1_77' title='bbox 901 1504 1049 1569; x_wconf 80' lang='lat' dir='ltr'>Falconis</span> <span class='ocrx_word' id='word_1_78' title='bbox 1071 1521 1162 1568; x_wconf 93' lang='lat' dir='ltr'>suam</span> <span class='ocrx_word' id='word_1_79' title='bbox 1182 1503 1366 1582; x_wconf 80' lang='lat' dir='ltr'>petitionem</span> 
     </span>
     <span class='ocr_line' id='line_1_12' title="bbox 282 1600 1366 1684; baseline 0 -20"><span class='ocrx_word' id='word_1_80' title='bbox 282 1600 371 1664; x_wconf 90' lang='lat' dir='ltr'>dabit</span> <span class='ocrx_word' id='word_1_81' title='bbox 386 1601 450 1664; x_wconf 91' lang='lat' dir='ltr'>illis</span> <span class='ocrx_word' id='word_1_82' title='bbox 471 1603 503 1665; x_wconf 93' lang='lat' dir='ltr'>in</span> <span class='ocrx_word' id='word_1_83' title='bbox 519 1602 661 1683; x_wconf 90' lang='lat' dir='ltr'>scriptis,</span> <span class='ocrx_word' id='word_1_84' title='bbox 679 1612 766 1667; x_wconf 90' lang='lat' dir='ltr'>uteo</span> <span class='ocrx_word' id='word_1_85' title='bbox 782 1603 897 1668; x_wconf 91' lang='lat' dir='ltr'>melius</span> <span class='ocrx_word' id='word_1_86' title='bbox 914 1613 1063 1684; x_wconf 91' lang='lat' dir='ltr'>poterunt</span> <span class='ocrx_word' id='word_1_87' title='bbox 1079 1613 1188 1668; x_wconf 82' lang='lat' dir='ltr'>exacte</span> <span class='ocrx_word' id='word_1_88' title='bbox 1206 1601 1366 1684; x_wconf 84' lang='lat' dir='ltr'>negotium</span> 
     </span>
     <span class='ocr_line' id='line_1_13' title="bbox 283 1699 1367 1790; baseline 0.001 -27"><span class='ocrx_word' id='word_1_89' title='bbox 283 1699 465 1764; x_wconf 88' lang='lat' dir='ltr'>examinare</span> <span class='ocrx_word' id='word_1_90' title='bbox 487 1701 556 1764; x_wconf 90' lang='lat' dir='ltr'>sive</span> <span class='ocrx_word' id='word_1_91' title='bbox 578 1701 761 1774; x_wconf 83' lang='lat' dir='ltr'>terminare,</span> <span class='ocrx_word' id='word_1_92' title='bbox 786 1712 817 1766; x_wconf 91' lang='lat' dir='ltr'>et</span> <span class='ocrx_word' id='word_1_93' title='bbox 838 1703 875 1790; x_wconf 83' lang='lat' dir='ltr'>ad</span> <span class='ocrx_word' id='word_1_94' title='bbox 893 1702 1012 1766; x_wconf 89' lang='lat' dir='ltr'>bonum</span> <span class='ocrx_word' id='word_1_95' title='bbox 1029 1702 1124 1766; x_wconf 89' lang='lat' dir='ltr'>finem</span> <span class='ocrx_word' id='word_1_96' title='bbox 1141 1700 1314 1766; x_wconf 91' lang='lat' dir='ltr'>deducere.</span> <span class='ocrx_word' id='word_1_97' title='bbox 1332 1699 1367 1766; x_wconf 80' lang='lat' dir='ltr'>br</span> 
     </span>
     <span class='ocr_line' id='line_1_14' title="bbox 282 1798 1265 1880; baseline 0.001 -17"><span class='ocrx_word' id='word_1_98' title='bbox 282 1798 332 1863; x_wconf 93' lang='lat' dir='ltr'>sic</span> <span class='ocrx_word' id='word_1_99' title='bbox 347 1815 405 1880; x_wconf 88' lang='lat' dir='ltr'>per</span> <span class='ocrx_word' id='word_1_100' title='bbox 420 1800 525 1864; x_wconf 85' lang='lat' dir='ltr'>omnia</span> <span class='ocrx_word' id='word_1_101' title='bbox 541 1800 702 1864; x_wconf 83' lang='lat' dir='ltr'>conclusit</span> <span class='ocrx_word' id='word_1_102' title='bbox 718 1801 872 1865; x_wconf 84' lang='lat' dir='ltr'>decanus.</span> <span class='ocrx_word' id='word_1_103' title='bbox 890 1805 980 1874; x_wconf 77' lang='lat' dir='ltr'>Acri,</span> <span class='ocrx_word' id='word_1_104' title='bbox 994 1801 1062 1876; x_wconf 87' lang='lat' dir='ltr'>llll,</span> <span class='ocrx_word' id='word_1_105' title='bbox 1080 1801 1134 1864; x_wconf 92' lang='lat' dir='ltr'>fol.</span> <span class='ocrx_word' id='word_1_106' title='bbox 1150 1799 1209 1864; x_wconf 79' lang='grc'><strong>185</strong></span> <span class='ocrx_word' id='word_1_107' title='bbox 1226 1811 1265 1864; x_wconf 86' lang='lat' dir='ltr'>r⁰.</span> 
     </span>
    </p>
   </div>
   <div class='ocr_carea' id='block_1_3' title="bbox 286 1950 1370 2423">
    <p class='ocr_par' dir='ltr' id='par_1_3' title="bbox 286 1950 1370 2423">
     <span class='ocr_line' id='line_1_15' title="bbox 325 1950 1369 2034; baseline 0.001 -19"><span class='ocrx_word' id='word_1_108' title='bbox 325 1953 383 2015; x_wconf 85' lang='lat' dir='ltr'>Die</span> <span class='ocrx_word' id='word_1_109' title='bbox 393 1955 549 2027; x_wconf 84' lang='lat' dir='ltr'>mercurii,</span> <span class='ocrx_word' id='word_1_110' title='bbox 564 1961 673 2034; x_wconf 81' lang='lat' dir='ltr'>quarto</span> <span class='ocrx_word' id='word_1_111' title='bbox 686 1955 876 2034; x_wconf 80' lang='lat' dir='ltr'>mensisjttlii</span> <span class='ocrx_word' id='word_1_112' title='bbox 891 1953 980 2026; x_wconf 78' lang='grc'><strong>1513,</strong></span> <span class='ocrx_word' id='word_1_113' title='bbox 995 1953 1074 2018; x_wconf 89' lang='lat' dir='ltr'>ftora</span> <span class='ocrx_word' id='word_1_114' title='bbox 1086 1953 1179 2018; x_wconf 85' lang='lat' dir='ltr'>tertia</span> <span class='ocrx_word' id='word_1_115' title='bbox 1192 1968 1209 2016; x_wconf 92' lang='lat' dir='ltr'>a</span> <span class='ocrx_word' id='word_1_116' title='bbox 1222 1950 1369 2032; x_wconf 87' lang='lat' dir='ltr'>prandio,</span> 
     </span>
     <span class='ocr_line' id='line_1_16' title="bbox 287 2049 1368 2132; baseline -0.003 -19"><span class='ocrx_word' id='word_1_117' title='bbox 287 2052 453 2115; x_wconf 86' lang='lat' dir='ltr'>corrvocati</span> <span class='ocrx_word' id='word_1_118' title='bbox 484 2069 540 2132; x_wconf 90' lang='lat' dir='ltr'>per</span> <span class='ocrx_word' id='word_1_119' title='bbox 566 2068 616 2116; x_wconf 90' lang='lat' dir='ltr'>me</span> <span class='ocrx_word' id='word_1_120' title='bbox 642 2063 890 2132; x_wconf 90' lang='lat' dir='ltr'>comparuerunt</span> <span class='ocrx_word' id='word_1_121' title='bbox 916 2053 948 2116; x_wconf 96' lang='lat' dir='ltr'>in</span> <span class='ocrx_word' id='word_1_122' title='bbox 975 2053 1072 2118; x_wconf 89' lang='lat' dir='ltr'>rubea</span> <span class='ocrx_word' id='word_1_123' title='bbox 1099 2067 1223 2116; x_wconf 81' lang='lat' dir='ltr'>cannara</span> <span class='ocrx_word' id='word_1_124' title='bbox 1250 2049 1368 2116; x_wconf 91' lang='lat' dir='ltr'>domini</span> 
     </span>
     <span class='ocr_line' id='line_1_17' title="bbox 286 2148 1368 2230; baseline -0.001 -19"><span class='ocrx_word' id='word_1_125' title='bbox 286 2149 439 2224; x_wconf 85' lang='lat' dir='ltr'>decanus,</span> <span class='ocrx_word' id='word_1_126' title='bbox 461 2157 609 2230; x_wconf 91' lang='lat' dir='ltr'>receptor</span> <span class='ocrx_word' id='word_1_127' title='bbox 624 2149 795 2226; x_wconf 76' lang='lat' dir='ltr'>facultatis,</span> <span class='ocrx_word' id='word_1_128' title='bbox 815 2161 1003 2230; x_wconf 93' lang='lat' dir='ltr'>procurator</span> <span class='ocrx_word' id='word_1_129' title='bbox 1026 2150 1166 2215; x_wconf 87' lang='lat' dir='ltr'>nationis</span> <span class='ocrx_word' id='word_1_130' title='bbox 1190 2148 1368 2219; x_wconf 87' lang='lat' dir='ltr'>llollandie,</span> 
     </span>
     <span class='ocr_line' id='line_1_18' title="bbox 287 2247 1370 2328; baseline -0.002 -17"><span class='ocrx_word' id='word_1_131' title='bbox 287 2247 454 2328; x_wconf 84' lang='lat' dir='ltr'>Philippus</span> <span class='ocrx_word' id='word_1_132' title='bbox 479 2248 584 2322; x_wconf 88' lang='lat' dir='ltr'>Buck,</span> <span class='ocrx_word' id='word_1_133' title='bbox 609 2251 771 2314; x_wconf 69' lang='lat' dir='ltr'>arnoldus</span> <span class='ocrx_word' id='word_1_134' title='bbox 793 2250 859 2314; x_wconf 85' lang='lat' dir='ltr'>Van</span> <span class='ocrx_word' id='word_1_135' title='bbox 887 2250 944 2314; x_wconf 92' lang='lat' dir='ltr'>der</span> <span class='ocrx_word' id='word_1_136' title='bbox 972 2249 1203 2323; x_wconf 86' lang='lat' dir='ltr'>flalvermilen,</span> <span class='ocrx_word' id='word_1_137' title='bbox 1230 2249 1370 2313; x_wconf 82' lang='lat' dir='ltr'>loannes</span> 
     </span>
     <span class='ocr_line' id='line_1_19' title="bbox 286 2335 1368 2423; baseline -0.002 -14"><span class='ocrx_word' id='word_1_138' title='bbox 286 2335 461 2422; x_wconf 86' lang='lat' dir='ltr'>Clariman‚</span> <span class='ocrx_word' id='word_1_139' title='bbox 481 2347 660 2412; x_wconf 78' lang='lat' dir='ltr'>ludovicus</span> <span class='ocrx_word' id='word_1_140' title='bbox 676 2348 739 2412; x_wconf 88' lang='lat' dir='ltr'>Vau</span> <span class='ocrx_word' id='word_1_141' title='bbox 763 2348 889 2423; x_wconf 83' lang='lat' dir='ltr'>Germe,</span> <span class='ocrx_word' id='word_1_142' title='bbox 907 2361 937 2413; x_wconf 89' lang='lat' dir='ltr'>et</span> <span class='ocrx_word' id='word_1_143' title='bbox 957 2349 1178 2413; x_wconf 83' lang='lat' dir='ltr'>Theudoricus</span> <span class='ocrx_word' id='word_1_144' title='bbox 1202 2346 1368 2420; x_wconf 88' lang='lat' dir='ltr'>Pelmans;</span> 
     </span>
    </p>
   </div>
   <div class='ocr_carea' id='block_1_4' title="bbox 284 2445 1370 3418">
    <p class='ocr_par' dir='ltr' id='par_1_4' title="bbox 284 2445 1370 3418">
     <span class='ocr_line' id='line_1_20' title="bbox 288 2445 1369 2526; baseline -0.002 -16"><span class='ocrx_word' id='word_1_145' title='bbox 288 2462 396 2511; x_wconf 89' lang='lat' dir='ltr'>coram</span> <span class='ocrx_word' id='word_1_146' title='bbox 420 2445 536 2526; x_wconf 81' lang='lat' dir='ltr'>quibus</span> <span class='ocrx_word' id='word_1_147' title='bbox 551 2446 672 2510; x_wconf 90' lang='lat' dir='ltr'>domini</span> <span class='ocrx_word' id='word_1_148' title='bbox 695 2447 909 2512; x_wconf 89' lang='lat' dir='ltr'>commissarii</span> <span class='ocrx_word' id='word_1_149' title='bbox 926 2448 1112 2512; x_wconf 89' lang='lat' dir='ltr'>&#39;filmannos</span> <span class='ocrx_word' id='word_1_150' title='bbox 1129 2445 1259 2522; x_wconf 87' lang='lat' dir='ltr'>Clerici,</span> <span class='ocrx_word' id='word_1_151' title='bbox 1276 2445 1369 2509; x_wconf 88' lang='lat' dir='ltr'>Nico-</span> 
     </span>
     <span class='ocr_line' id='line_1_21' title="bbox 284 2543 1367 2626; baseline -0.002 -19"><span class='ocrx_word' id='word_1_152' title='bbox 284 2545 356 2608; x_wconf 89' lang='lat' dir='ltr'>laus</span> <span class='ocrx_word' id='word_1_153' title='bbox 381 2545 421 2610; x_wconf 92' lang='lat' dir='ltr'>de</span> <span class='ocrx_word' id='word_1_154' title='bbox 443 2543 574 2620; x_wconf 90' lang='lat' dir='ltr'>Castro,</span> <span class='ocrx_word' id='word_1_155' title='bbox 598 2545 762 2611; x_wconf 83' lang='lat' dir='ltr'>servatius</span> <span class='ocrx_word' id='word_1_156' title='bbox 790 2546 1016 2626; x_wconf 77' lang='lat' dir='ltr'>llepnsbercn,</span> <span class='ocrx_word' id='word_1_157' title='bbox 1040 2545 1180 2610; x_wconf 88' lang='lat' dir='ltr'>loannes</span> <span class='ocrx_word' id='word_1_158' title='bbox 1206 2543 1367 2617; x_wconf 89' lang='lat' dir='ltr'>lfeuwen,</span> 
     </span>
     <span class='ocr_line' id='line_1_22' title="bbox 284 2644 1370 2727; baseline -0.004 -18"><span class='ocrx_word' id='word_1_159' title='bbox 284 2644 498 2710; x_wconf 82' lang='lat' dir='ltr'>exlribuerunt</span> <span class='ocrx_word' id='word_1_160' title='bbox 516 2645 654 2709; x_wconf 92' lang='lat' dir='ltr'>dominis</span> <span class='ocrx_word' id='word_1_161' title='bbox 670 2646 829 2727; x_wconf 90' lang='lat' dir='ltr'>deputatis</span> <span class='ocrx_word' id='word_1_162' title='bbox 852 2648 933 2710; x_wconf 92' lang='lat' dir='ltr'>duas</span> <span class='ocrx_word' id='word_1_163' title='bbox 949 2645 1082 2710; x_wconf 88' lang='lat' dir='ltr'>cedulas</span> <span class='ocrx_word' id='word_1_164' title='bbox 1106 2645 1175 2709; x_wconf 87' lang='lat' dir='ltr'>sive</span> <span class='ocrx_word' id='word_1_165' title='bbox 1190 2644 1273 2708; x_wconf 90' lang='lat' dir='ltr'>duos</span> <span class='ocrx_word' id='word_1_166' title='bbox 1296 2659 1370 2706; x_wconf 89' lang='lat' dir='ltr'>con·</span> 
     </span>
     <span class='ocr_line' id='line_1_23' title="bbox 284 2743 1369 2825; baseline -0.004 -18"><span class='ocrx_word' id='word_1_167' title='bbox 284 2752 408 2824; x_wconf 86' lang='lat' dir='ltr'>ceptus,</span> <span class='ocrx_word' id='word_1_168' title='bbox 434 2753 465 2808; x_wconf 90' lang='lat' dir='ltr'>et</span> <span class='ocrx_word' id='word_1_169' title='bbox 491 2744 522 2806; x_wconf 96' lang='lat' dir='ltr'>in</span> <span class='ocrx_word' id='word_1_170' title='bbox 547 2745 708 2823; x_wconf 88' lang='lat' dir='ltr'>presentia</span> <span class='ocrx_word' id='word_1_171' title='bbox 734 2745 938 2808; x_wconf 92' lang='lat' dir='ltr'>dominorum</span> <span class='ocrx_word' id='word_1_172' title='bbox 960 2745 1185 2825; x_wconf 84' lang='lat' dir='ltr'>deputatorum</span> <span class='ocrx_word' id='word_1_173' title='bbox 1213 2743 1316 2806; x_wconf 88' lang='lat' dir='ltr'>lectos</span> <span class='ocrx_word' id='word_1_174' title='bbox 1339 2750 1369 2804; x_wconf 88' lang='lat' dir='ltr'>et</span> 
     </span>
     <span class='ocr_line' id='line_1_24' title="bbox 284 2839 1369 2922; baseline -0.006 -15"><span class='ocrx_word' id='word_1_175' title='bbox 284 2859 342 2922; x_wconf 89' lang='lat' dir='ltr'>per</span> <span class='ocrx_word' id='word_1_176' title='bbox 364 2843 527 2922; x_wconf 90' lang='lat' dir='ltr'>predictos</span> <span class='ocrx_word' id='word_1_177' title='bbox 544 2843 693 2906; x_wconf 90' lang='lat' dir='ltr'>dominos</span> <span class='ocrx_word' id='word_1_178' title='bbox 715 2843 958 2908; x_wconf 89' lang='lat' dir='ltr'>commissarios</span> <span class='ocrx_word' id='word_1_179' title='bbox 975 2850 1164 2922; x_wconf 91' lang='lat' dir='ltr'>conceptos.</span> <span class='ocrx_word' id='word_1_180' title='bbox 1179 2840 1292 2904; x_wconf 87' lang='lat' dir='ltr'>Posuit</span> <span class='ocrx_word' id='word_1_181' title='bbox 1314 2839 1369 2902; x_wconf 91' lang='lat' dir='ltr'>do·</span> 
     </span>
     <span class='ocr_line' id='line_1_25' title="bbox 286 2939 1370 3019; baseline -0.006 -15"><span class='ocrx_word' id='word_1_182' title='bbox 286 2942 392 3006; x_wconf 91' lang='lat' dir='ltr'>minus</span> <span class='ocrx_word' id='word_1_183' title='bbox 407 2941 550 3006; x_wconf 91' lang='lat' dir='ltr'>decanus</span> <span class='ocrx_word' id='word_1_184' title='bbox 565 2942 596 3004; x_wconf 96' lang='lat' dir='ltr'>in</span> <span class='ocrx_word' id='word_1_185' title='bbox 614 2941 898 3006; x_wconf 86' lang='lat' dir='ltr'>deliberationibus</span> <span class='ocrx_word' id='word_1_186' title='bbox 913 2941 1130 3012; x_wconf 82' lang='lat' dir='ltr'>dominorum,</span> <span class='ocrx_word' id='word_1_187' title='bbox 1150 2955 1189 3002; x_wconf 92' lang='lat' dir='ltr'>an</span> <span class='ocrx_word' id='word_1_188' title='bbox 1209 2939 1370 3019; x_wconf 89' lang='lat' dir='ltr'>placerent</span> 
     </span>
     <span class='ocr_line' id='line_1_26' title="bbox 285 3037 1369 3123; baseline -0.004 -21"><span class='ocrx_word' id='word_1_189' title='bbox 285 3041 467 3123; x_wconf 87' lang='lat' dir='ltr'>hujusmodi</span> <span class='ocrx_word' id='word_1_190' title='bbox 485 3049 663 3122; x_wconf 88' lang='lat' dir='ltr'>conceptus</span> <span class='ocrx_word' id='word_1_191' title='bbox 684 3052 718 3104; x_wconf 91' lang='lat' dir='ltr'>et</span> <span class='ocrx_word' id='word_1_192' title='bbox 733 3057 914 3120; x_wconf 89' lang='lat' dir='ltr'>proponere</span> <span class='ocrx_word' id='word_1_193' title='bbox 937 3039 1091 3104; x_wconf 83' lang='lat' dir='ltr'>facultati.</span> <span class='ocrx_word' id='word_1_194' title='bbox 1109 3038 1186 3102; x_wconf 88' lang='lat' dir='ltr'>Post</span> <span class='ocrx_word' id='word_1_195' title='bbox 1200 3053 1278 3100; x_wconf 80' lang='lat' dir='ltr'>vero</span> <span class='ocrx_word' id='word_1_196' title='bbox 1301 3037 1369 3100; x_wconf 85' lang='lat' dir='ltr'>lon·</span> 
     </span>
     <span class='ocr_line' id='line_1_27' title="bbox 285 3135 1369 3221; baseline -0.005 -18"><span class='ocrx_word' id='word_1_197' title='bbox 285 3156 356 3221; x_wconf 80' lang='lat' dir='ltr'>garn</span> <span class='ocrx_word' id='word_1_198' title='bbox 372 3139 602 3204; x_wconf 88' lang='lat' dir='ltr'>conferentiam</span> <span class='ocrx_word' id='word_1_199' title='bbox 625 3149 657 3203; x_wconf 87' lang='lat' dir='ltr'>at</span> <span class='ocrx_word' id='word_1_200' title='bbox 671 3156 709 3203; x_wconf 87' lang='lat' dir='ltr'>ex</span> <span class='ocrx_word' id='word_1_201' title='bbox 732 3139 917 3204; x_wconf 88' lang='lat' dir='ltr'>eorumdem</span> <span class='ocrx_word' id='word_1_202' title='bbox 943 3139 1145 3202; x_wconf 90' lang='lat' dir='ltr'>dominorum</span> <span class='ocrx_word' id='word_1_203' title='bbox 1169 3135 1369 3200; x_wconf 80' lang='lat' dir='ltr'>deliberatio</span> 
     </span>
     <span class='ocr_line' id='line_1_28' title="bbox 285 3232 1368 3318; baseline -0.007 -16"><span class='ocrx_word' id='word_1_204' title='bbox 285 3239 381 3302; x_wconf 91' lang='lat' dir='ltr'>nibus</span> <span class='ocrx_word' id='word_1_205' title='bbox 403 3238 573 3314; x_wconf 84' lang='lat' dir='ltr'>conclusit,</span> <span class='ocrx_word' id='word_1_206' title='bbox 591 3238 674 3318; x_wconf 86' lang='lat' dir='ltr'>quod</span> <span class='ocrx_word' id='word_1_207' title='bbox 696 3237 818 3317; x_wconf 90' lang='lat' dir='ltr'>primus</span> <span class='ocrx_word' id='word_1_208' title='bbox 834 3249 1012 3318; x_wconf 81' lang='lat' dir='ltr'>courceptus</span> <span class='ocrx_word' id='word_1_209' title='bbox 1036 3237 1066 3299; x_wconf 93' lang='lat' dir='ltr'>in</span> <span class='ocrx_word' id='word_1_210' title='bbox 1085 3235 1246 3316; x_wconf 88' lang='lat' dir='ltr'>presentia</span> <span class='ocrx_word' id='word_1_211' title='bbox 1268 3232 1368 3298; x_wconf 91' lang='lat' dir='ltr'>domi-</span> 
     </span>
     <span class='ocr_line' id='line_1_29' title="bbox 286 3331 1368 3418; baseline -0.006 -19"><span class='ocrx_word' id='word_1_212' title='bbox 286 3352 400 3401; x_wconf 91' lang='lat' dir='ltr'>norum</span> <span class='ocrx_word' id='word_1_213' title='bbox 424 3337 527 3400; x_wconf 93' lang='lat' dir='ltr'>lectus</span> <span class='ocrx_word' id='word_1_214' title='bbox 545 3346 784 3416; x_wconf 92' lang='lat' dir='ltr'>presentaretur</span> <span class='ocrx_word' id='word_1_215' title='bbox 808 3354 864 3418; x_wconf 90' lang='lat' dir='ltr'>per</span> <span class='ocrx_word' id='word_1_216' title='bbox 880 3337 1045 3401; x_wconf 92' lang='lat' dir='ltr'>dominum</span> <span class='ocrx_word' id='word_1_217' title='bbox 1068 3335 1224 3399; x_wconf 88' lang='lat' dir='ltr'>decanum</span> <span class='ocrx_word' id='word_1_218' title='bbox 1241 3331 1368 3396; x_wconf 93' lang='lat' dir='ltr'>domino</span> 
     </span>
    </p>
   </div>
   <div class='ocr_carea' id='block_1_5' title="bbox 284 3429 1370 3597">
    <p class='ocr_par' dir='ltr' id='par_1_5' title="bbox 284 3429 1370 3597">
     <span class='ocr_line' id='line_1_30' title="bbox 284 3429 1370 3516; baseline -0.008 -15"><span class='ocrx_word' id='word_1_219' title='bbox 284 3435 407 3516; x_wconf 82' lang='lat' dir='ltr'>regenti</span> <span class='ocrx_word' id='word_1_220' title='bbox 421 3435 451 3496; x_wconf 92' lang='lat' dir='ltr'>in</span> <span class='ocrx_word' id='word_1_221' title='bbox 461 3434 609 3510; x_wconf 82' lang='lat' dir='ltr'>Falcone,</span> <span class='ocrx_word' id='word_1_222' title='bbox 620 3451 659 3498; x_wconf 86' lang='lat' dir='ltr'>an</span> <span class='ocrx_word' id='word_1_223' title='bbox 673 3435 812 3514; x_wconf 90' lang='lat' dir='ltr'>placeret</span> <span class='ocrx_word' id='word_1_224' title='bbox 825 3435 1008 3516; x_wconf 85' lang='lat' dir='ltr'>hujusmodi</span> <span class='ocrx_word' id='word_1_225' title='bbox 1018 3444 1206 3513; x_wconf 88' lang='lat' dir='ltr'>conceptus.</span> <span class='ocrx_word' id='word_1_226' title='bbox 1217 3429 1370 3504; x_wconf 81' lang='lat' dir='ltr'>Acrerl,</span> 
     </span>
     <span class='ocr_line' id='line_1_31' title="bbox 287 3533 480 3597; baseline 0 -2"><span class='ocrx_word' id='word_1_227' title='bbox 287 3534 341 3597; x_wconf 88' lang='lat' dir='ltr'>fol.</span> <span class='ocrx_word' id='word_1_228' title='bbox 361 3533 420 3597; x_wconf 81' lang='grc'><strong>185</strong></span> <span class='ocrx_word' id='word_1_229' title='bbox 436 3544 480 3595; x_wconf 82' lang='lat' dir='ltr'>v0.</span> 
     </span>
    </p>
   </div>
   <div class='ocr_carea' id='block_1_6' title="bbox 287 3678 1369 4252">
    <p class='ocr_par' dir='ltr' id='par_1_6' title="bbox 287 3678 1369 4252">
     <span class='ocr_line' id='line_1_32' title="bbox 328 3678 1366 3763; baseline -0.006 -17"><span class='ocrx_word' id='word_1_230' title='bbox 328 3685 374 3746; x_wconf 81' lang='lat' dir='ltr'>fle</span> <span class='ocrx_word' id='word_1_231' title='bbox 395 3685 525 3757; x_wconf 82' lang='lat' dir='ltr'>certeris,</span> <span class='ocrx_word' id='word_1_232' title='bbox 542 3683 600 3762; x_wconf 79' lang='lat' dir='ltr'>aiij</span> <span class='ocrx_word' id='word_1_233' title='bbox 622 3684 735 3747; x_wconf 78' lang='lat' dir='ltr'>maricis</span> <span class='ocrx_word' id='word_1_234' title='bbox 751 3684 823 3763; x_wconf 72' lang='lat' dir='ltr'>iulii</span> <span class='ocrx_word' id='word_1_235' title='bbox 840 3683 931 3752; x_wconf 80' lang='lat' dir='ltr'>tuta.</span> <span class='ocrx_word' id='word_1_236' title='bbox 949 3685 1028 3747; x_wconf 91' lang='lat' dir='ltr'>hora</span> <span class='ocrx_word' id='word_1_237' title='bbox 1051 3682 1195 3763; x_wconf 84' lang='lat' dir='ltr'>quintae</span> <span class='ocrx_word' id='word_1_238' title='bbox 1222 3678 1366 3762; x_wconf 86' lang='lat' dir='ltr'>prandio,</span> 
     </span>
     <span class='ocr_line' id='line_1_33' title="bbox 287 3775 1369 3862; baseline -0.011 -15"><span class='ocrx_word' id='word_1_239' title='bbox 287 3782 454 3847; x_wconf 85' lang='lat' dir='ltr'>convocati</span> <span class='ocrx_word' id='word_1_240' title='bbox 481 3797 538 3862; x_wconf 92' lang='lat' dir='ltr'>per</span> <span class='ocrx_word' id='word_1_241' title='bbox 563 3798 613 3845; x_wconf 93' lang='lat' dir='ltr'>me</span> <span class='ocrx_word' id='word_1_242' title='bbox 639 3793 887 3860; x_wconf 86' lang='lat' dir='ltr'>comparuerunt</span> <span class='ocrx_word' id='word_1_243' title='bbox 912 3781 944 3844; x_wconf 92' lang='lat' dir='ltr'>in</span> <span class='ocrx_word' id='word_1_244' title='bbox 972 3781 1070 3844; x_wconf 88' lang='lat' dir='ltr'>rubea</span> <span class='ocrx_word' id='word_1_245' title='bbox 1095 3795 1221 3844; x_wconf 88' lang='lat' dir='ltr'>camera</span> <span class='ocrx_word' id='word_1_246' title='bbox 1252 3775 1369 3842; x_wconf 94' lang='lat' dir='ltr'>domini</span> 
     </span>
     <span class='ocr_line' id='line_1_34' title="bbox 288 3875 1368 3961; baseline -0.009 -15"><span class='ocrx_word' id='word_1_247' title='bbox 288 3884 447 3954; x_wconf 88' lang='lat' dir='ltr'>decanus,</span> <span class='ocrx_word' id='word_1_248' title='bbox 475 3892 625 3960; x_wconf 88' lang='lat' dir='ltr'>receptor</span> <span class='ocrx_word' id='word_1_249' title='bbox 650 3881 826 3956; x_wconf 79' lang='lat' dir='ltr'>facultatis,</span> <span class='ocrx_word' id='word_1_250' title='bbox 856 3889 1082 3961; x_wconf 91' lang='lat' dir='ltr'>procuratores</span> <span class='ocrx_word' id='word_1_251' title='bbox 1110 3878 1273 3942; x_wconf 92' lang='lat' dir='ltr'>nationum</span> <span class='ocrx_word' id='word_1_252' title='bbox 1295 3875 1368 3937; x_wconf 89' lang='lat' dir='ltr'>Bra·</span> 
     </span>
     <span class='ocr_line' id='line_1_35' title="bbox 288 3972 1369 4060; baseline -0.007 -17"><span class='ocrx_word' id='word_1_253' title='bbox 288 3980 407 4053; x_wconf 89' lang='lat' dir='ltr'>bantie,</span> <span class='ocrx_word' id='word_1_254' title='bbox 424 3979 584 4053; x_wconf 89' lang='lat' dir='ltr'>Flandrie‚</span> <span class='ocrx_word' id='word_1_255' title='bbox 604 3979 783 4052; x_wconf 73' lang='lat' dir='ltr'>llollandia</span> <span class='ocrx_word' id='word_1_256' title='bbox 801 3989 948 4060; x_wconf 81' lang='lat' dir='ltr'>regentes</span> <span class='ocrx_word' id='word_1_257' title='bbox 977 3979 1240 4060; x_wconf 81' lang='lat' dir='ltr'>pedagogiorum</span> <span class='ocrx_word' id='word_1_258' title='bbox 1258 3972 1369 4038; x_wconf 77' lang='lat' dir='ltr'>arnol·</span> 
     </span>
     <span class='ocr_line' id='line_1_36' title="bbox 288 4073 1368 4158; baseline -0.009 -16"><span class='ocrx_word' id='word_1_259' title='bbox 288 4079 350 4143; x_wconf 91' lang='lat' dir='ltr'>dus</span> <span class='ocrx_word' id='word_1_260' title='bbox 361 4077 426 4140; x_wconf 90' lang='lat' dir='ltr'>Van</span> <span class='ocrx_word' id='word_1_261' title='bbox 440 4078 498 4142; x_wconf 91' lang='lat' dir='ltr'>der</span> <span class='ocrx_word' id='word_1_262' title='bbox 510 4077 739 4152; x_wconf 88' lang='lat' dir='ltr'>Halvermilen‚</span> <span class='ocrx_word' id='word_1_263' title='bbox 752 4077 919 4158; x_wconf 89' lang='lat' dir='ltr'>Philippus</span> <span class='ocrx_word' id='word_1_264' title='bbox 933 4077 1031 4151; x_wconf 87' lang='lat' dir='ltr'>Book,</span> <span class='ocrx_word' id='word_1_265' title='bbox 1044 4077 1184 4141; x_wconf 87' lang='lat' dir='ltr'>loannes</span> <span class='ocrx_word' id='word_1_266' title='bbox 1196 4073 1368 4142; x_wconf 83' lang='lat' dir='ltr'>Claviman,</span> 
     </span>
     <span class='ocr_line' id='line_1_37' title="bbox 287 4171 1369 4252; baseline -0.006 -13"><span class='ocrx_word' id='word_1_267' title='bbox 287 4173 474 4240; x_wconf 71' lang='lat' dir='ltr'>‘filmannns</span> <span class='ocrx_word' id='word_1_268' title='bbox 496 4175 622 4252; x_wconf 81' lang='lat' dir='ltr'>Clerici,</span> <span class='ocrx_word' id='word_1_269' title='bbox 642 4175 821 4240; x_wconf 84' lang='lat' dir='ltr'>ludovicus</span> <span class='ocrx_word' id='word_1_270' title='bbox 836 4175 903 4238; x_wconf 89' lang='lat' dir='ltr'>Van</span> <span class='ocrx_word' id='word_1_271' title='bbox 919 4175 1044 4248; x_wconf 88' lang='lat' dir='ltr'>Germe,</span> <span class='ocrx_word' id='word_1_272' title='bbox 1061 4174 1214 4239; x_wconf 89' lang='lat' dir='ltr'>Nicolaus</span> <span class='ocrx_word' id='word_1_273' title='bbox 1236 4171 1277 4236; x_wconf 90' lang='lat' dir='ltr'>de</span> <span class='ocrx_word' id='word_1_274' title='bbox 1297 4171 1369 4234; x_wconf 84' lang='lat' dir='ltr'>Cas-</span> 
     </span>
    </p>
   </div>
   <div class='ocr_carea' id='block_1_7' title="bbox 0 0 1589 4952">
    <p class='ocr_par' dir='ltr' id='par_1_7' title="bbox 0 0 1589 4952">
     <span class='ocr_line' id='line_1_38' title="bbox 0 0 1589 4952; baseline 0 0"><span class='ocrx_word' id='word_1_275' title='bbox 0 0 1589 4952; x_wconf 95' lang='lat' dir='ltr'> </span> 
     </span>
    </p>
   </div>
  </div>
 </body>
</html>
