3284 4956
605 526 793 588 -ttrt—

184 705 359 784 resignasset
373 708 409 767 1).
429 704 573 771 11363313
588 707 721 788 hagidio
740 709 903 784 Wouters,
919 709 998 775 obiit
1014 711 1143 775 lovanii
1160 729 1244 777 anno

186 803 257 874 1616,
281 803 312 866 13
331 806 394 868 hoe
416 821 477 868 suo
498 805 649 870 Poroensi
673 807 880 890 paedagogio,
901 810 1030 874 condito
1054 819 1244 877 testamento

185 919 272 966 eoram
293 903 429 968 Lenoire
451 903 488 965 l'l
512 903 655 968 octobris
675 905 768 980 1616,
786 919 821 968 n0
837 907 916 982 tta;
934 909 1098 990 vomitque
1114 911 1245 991 sepeliri

187 1003 211 1064 13
223 1002 278 1064 divi
293 1002 388 1066 Petri.

220 1135 278 1196 111.
298 1139 453 1198 hanonous
475 1135 585 1212 113333,
610 1137 825 1214 Hasselensis,
843 1139 918 1203 olim
941 1140 1037 1220 hujus
1061 1141 1247 1222 paedagogii

188 1231 315 1297 alumnus
339 1245 369 1298 et
391 1235 515 1314 primus
537 1237 738 1301 renuntiatus
763 1238 921 1302 13133666
938 1239 1248 1304 lieentlandosanno

191 1331 262 1404 1661,
279 1333 500 1414 philosophiae
523 1336 687 1400 1133331133
709 1337 761 1400 1313
787 1339 947 1410 admotus,
961 1354 1030 1402 eam
1052 1339 1248 1418 provinciam

190 1431 323 1496 sustinuit
336 1451 437 1514 usque
453 1436 491 1499 ad
508 1452 625 1498 annum
642 1435 739 1510 1669;
754 1454 817 1517 qno
833 1436 1109 1502 613333311333333
1125 1437 1250 1502 theolo-

190 1530 246 1610 giae
265 1531 388 1596 lieentia
404 1543 548 1606 ornatus,
567 1535 668 1598 iaetus
683 1535 858 1600 eanonicus
881 1537 1071 1618 theologalis
1093 1538 1124 1600 in
1142 1539 1250 1602 ealhe-

191 1629 254 1692 drali
268 1633 499 1712 antverpiensi.
519 1634 587 1698 Fuit
603 1635 696 1698 etiam
712 1634 855 1714 eiusdem
869 1635 997 1714 capituli
1012 1635 1249 1710 thesaurarius;

193 1730 313 1811 itemque
332 1733 485 1798 librorum
505 1751 632 1799 censor.
653 1759 666 1792 1
684 1738 752 1808 Quo
779 1735 811 1796 in
840 1751 981 1807 monere,
1007 1735 1094 1800 addit
1115 1736 1249 1816 Paquot,

195 1829 245 1891 nid
264 1832 415 1909 praestitit
437 1834 638 1913 hntverpiae,
656 1833 741 1913 quod
765 1833 893 1896 Lovanii
912 1833 1050 1897 lacobus
1075 1834 1250 1908 Pontanus,

197 1932 295 2010 equod
312 1931 415 1995 Leodii
432 1934 570 1996 loannes
586 1933 628 1996 Le
650 1933 747 2006 Boan,
765 1933 848 2010 quod
867 1933 1011 1998 Lutetiae
1026 1933 1065 1996 hl.
1085 1932 1250 2012 Petllpied,

198 2032 295 2112 »quod
323 2031 452 2112 Delphis
483 2031 673 2096 Batavorum
702 2032 878 2096 Tibbelius.
913 2033 1100 2112 Resipnisse
1129 2033 1255 2097 videtur

199 2141 331 2210 »postea
344 2149 414 2196 nam
428 2130 467 2193 13
479 2131 589 2210 aprilis
601 2131 681 2194 1169
694 2131 881 2212 approbavit
909 2131 1046 2211 Philippi
1061 2131 1126 2194 Van
1138 2133 1255 2196 Wavre

200 2231 253 2295 rC.
276 2233 408 2296 1311331311
433 2232 641 2310 dupuslt'nam
663 2231 859 2308 Europueum
886 2239 961 2302 313..
979 2240 1010 2294 31
1037 2231 1149 2295 eodem
1171 2246 1255 2293 anno

201 2330 356 2393 3311113313
371 2331 405 2392 P.
423 2329 561 2393 ilenrico
578 2345 594 2391 a
611 2339 722 2393 saneto
735 2329 857 2410 ignatio
870 2329 1010 2392 Ethienm
1026 2331 1170 2392 umoris.»
1185 2329 1257 2392 Fuit

198 2429 276 2492 etlam
299 2428 461 2492 districtus
482 2427 706 2506 antuerpiensi
723 2428 875 2491 decanus.
903 2427 1042 2490 01111116
1065 2427 1257 2507 septembris

200 2528 274 2603 litt,
295 2529 402 2591 aetatis
428 2543 507 2591 suae
528 2543 613 2590 anno
636 2527 698 2600 790,
723 2527 833 2606 lapsus
849 2543 866 2589 a
882 2526 1027 2600 rhodula,
1051 2527 1257 2590 consternato

200 2643 278 2706 equo,
295 2627 416 2690 citatius
431 2634 564 2706 raptata,
581 2625 689 2690 subito
705 2642 893 2704 oppressus.

234 2754 668 2830 1166313131113163333113,
697 2755 925 2826 Bruxeliensis,
950 2756 1062 2819 tertius
1089 2756 1120 2817 in
1147 2754 1259 2818 soholu

203 2855 299 2918 nntium
314 2873 330 2919 e
343 2856 442 2920 Puteo
458 2869 543 2918 anno
560 2853 651 2926 1669,
675 2853 707 2916 13
732 2855 949 2932 professorem
966 2855 1087 2917 electus
1104 2861 1164 2926 est,
1182 2869 1258 2916 oon-

204 2964 331 3017 eurnante
351 2965 382 3018 et
404 2954 459 3018 lite
475 2969 547 3016 eum
563 2939 601 3016 eo
617 2951 830 3015 contendente
846 2951 977 3031 aegidio
993 2951 1163 3019 Gabrielis,
1183 2950 1261 3012 llan-

205 3051 327 3126 eun'ano,
339 3063 447 3132 postea
460 3051 586 3115 tertium
599 3051 700 3113 saneti
713 3051 874 3113 Francisoi
887 3050 1032 3114 ordinem
1045 3049 1128 3126 apud
1142 3049 1261 3130 63331·-

207 3149 255 3211 ·los
276 3152 423 3228 omninno,
450 3149 504 3231 qui
531 3165 627 3212 nausa
657 3148 771 3212 33311111
801 3149 883 3213 33113
908 3148 1035 3213 33331111
1064 3147 1260 3210 Brabantini.

208 3246 356 3328 lingenius,
372 3251 513 3314 nondum
531 3247 657 3327 expleto
676 3265 772 3311 cursu
790 3248 941 3320 biennali,
955 3248 986 3309 in
1000 3248 1062 3310 hoe
1074 3263 1133 3310 suo
1149 3245 1264 3327 paeda-

208 3347 287 3426 gogio
301 3352 425 3412 moritur
440 3363 526 3410 anno
542 3345 633 3409 1666.

243 3477 306 3540 119.
320 3481 456 3544 deonotus
472 3479 641 3548 6131113313,
659 3475 891 3550 llaoourionus,
909 3493 992 3539 anno
1006 3475 1084 3538 1668
1098 3474 1130 3537 13
1143 3472 1266 3538 artibus

211 3578 446 3651 secundundum
464 3577 494 3640 ln
512 3578 607 3640 donno
624 3576 815 3639 Standonioa
836 3591 947 3639 saonae
970 3574 1150 3654 theologiae
1165 3574 1266 3637 alum·

214 3691 273 3750 nos,
301 3677 510 3758 philosophiae
545 3675 577 3737 in
607 3675 718 3738 eadem
745 3686 913 3752 repetens,
944 3689 1056 3735 saonae
1087 3671 1267 3751 theologiae

216 3775 414 3840 baccalaureus
436 3777 602 3847 formatus,
629 3773 660 3835 in
683 3773 820 3852 collegio
844 3772 932 3852 regio
957 3772 1001 3835 uti
1024 3782 1054 3834 et
1078 3772 1109 3832 in
1133 3769 1269 3850 collegio

216 3873 311 3936 tantiae
332 3876 451 3955 regulae
478 3871 601 3937 ordinis
630 3871 732 3934 saneti
762 3869 923 3934 anrneisei
951 3885 1063 3933 saonae
1090 3867 1271 3948 theologiae

218 3973 302 4034 lenton
315 3972 374 4037 luit.
391 3973 468 4037 Tum
483 3971 569 4036 31133
583 3987 701 4034 annum
717 3969 796 4032 1663
812 3970 982 4033 cathedrae
998 3967 1221 4048 philosophiae
1236 3970 1269 4026 in

220 4069 305 4134 Poroo
318 4089 380 4136 eum
394 4073 562 4137 Guilielmo
580 4070 727 4151 lluygens
739 4069 945 4148 eornnpetlmm
960 4068 1016 4131 sed
1031 4083 1127 4130 eausa
1140 4065 1268 4130 oeoidit.

219 4165 283 4232 lide
297 4183 424 4234 nostram
435 4171 518 4234 ultae
531 4169 653 4250 hegidii
666 4168 820 4232 Gabriells
833 4165 1079 4230 delineationem
1092 4165 1123 4227 in
1140 4165 1270 4245 1113913-

220 4265 279 4343 phio
292 4271 439 4344 31631313,
457 4269 521 4343 llll,
538 4270 600 4333 ool.
618 4265 766 4329 163-1116.
