3130 4956
641 499 824 588 -btb-

185 715 280 778 mam,
299 703 395 769 simui
417 703 592 785 assumptis
614 704 781 786 magnifico
805 703 935 770 dominc
957 712 1092 782 rectore,
1124 693 1262 770 dominis

183 804 375 870 doctoribus
390 805 520 870 domino
537 805 683 871 vulmaro
706 815 738 870 et
753 805 882 870 domino
899 803 1069 880 Wamesic,
1086 805 1124 868 ad
1142 805 1262 870 delibe-

185 904 407 984 randum,quo
423 905 519 969 modo
535 905 638 985 possit
653 905 685 968 io
703 902 813 986 primis
829 905 889 986 ipsi
906 903 1044 969 facultati
1058 913 1088 969 et
1102 904 1262 986 magistris

184 1003 313 1076 domus,
327 1004 444 1068 deinde
467 1004 530 1084 ipsi
544 1021 671 1092 quoque
685 1005 794 1070 domui
811 1004 1006 1086 pedagogiati
1023 1003 1090 1067 biiii
1109 1003 1260 1085 prospici,

186 1103 372 1184 prinsquam
397 1105 547 1184 magister
570 1103 729 1170 watrerns
748 1104 983 1186 Angiportanus
998 1103 1046 1167 vel
1065 1103 1147 1168 uitro
1163 1103 1262 1166 Loua-

185 1201 271 1265 nium
288 1202 462 1284 retinquat,
477 1203 524 1267 vei
542 1220 598 1284 per
613 1204 791 1268 creditores
804 1203 985 1284 relinquere
999 1211 1145 1283 cogatur.
1162 1202 1264 1282 Super

184 1301 303 1383 quibus
330 1303 488 1383 premissa
519 1303 720 1369 dominorum
747 1303 835 1369 brevi
858 1304 992 1385 quadam
1020 1319 1076 1383 per
1100 1303 1263 1367 dominum

185 1400 343 1465 decanum
371 1400 605 1477 informatione,
624 1409 696 1484 post
723 1402 848 1483 tongam
876 1401 1026 1484 deinceps
1052 1410 1084 1466 et
1110 1409 1263 1466 maturam

186 1499 393 1565 dominorum
419 1501 659 1576 conferentiam,
684 1501 802 1583 placuit
824 1499 972 1566 omnibus
991 1517 1048 1581 per
1063 1498 1263 1580 magnificum

188 1598 354 1663 dominum
372 1607 529 1664 rectorem
546 1599 769 1680 requirendum
786 1617 858 1664 esse
871 1599 1055 1681 magistrum
1069 1597 1265 1663 Wattlrerum

188 1697 454 1779 angiportanum
473 1705 505 1763 ut
520 1696 647 1774 tibrum,
663 1697 695 1761 in
717 1714 781 1780 quo
797 1707 872 1763 sunt
887 1697 1052 1779 registrare
1067 1713 1180 1763 omnes
1196 1697 1266 1760 iun·

189 1796 338 1861 dationes
353 1797 468 1861 domus
484 1796 698 1878 pedagogiaiis
724 1796 804 1872 Lilii,
821 1807 853 1861 et
868 1797 988 1872 literas,
1002 1796 1029 1860 si
1045 1813 1125 1878 quas
1141 1794 1264 1871 babeat,

191 1895 412 1960 fundationum
440 1895 540 1960 tradat
566 1895 604 1958 ad
630 1911 743 1958 manus
769 1895 889 1960 domini
916 1893 1038 1970 decani,
1069 1903 1102 1958 et
1122 1881 1265 1974 juret'tn

190 1993 354 2074 presentia
379 1993 494 2058 notarii
522 1992 621 2058 nostri
647 1992 759 2058 Judoci
783 2002 814 2057 et
835 1993 1099 2078 assumendorum
1123 2009 1158 2056 se
1185 1992 1265 2056 intra

190 2091 330 2158 triduum
346 2091 579 2157 declaraturum
601 2100 718 2157 statum
741 2109 847 2168 suum,
871 2099 902 2157 et
927 2090 1184 2172 specificaturum
1200 2107 1266 2154 ma·

189 2190 308 2269 gnibco
333 2191 466 2256 domino
491 2191 607 2257 rectori
634 2190 752 2266 omnia,
779 2209 841 2272 que
862 2190 923 2255 sibi
945 2190 984 2254 ab
1005 2189 1076 2256 aliis
1097 2191 1265 2256 debentur.

190 2290 348 2355 Absoluta
373 2290 591 2372 deputatione,
608 2289 646 2354 ad
673 2289 785 2354 Litium
816 2289 870 2354 ivit
901 2289 1087 2371 magnificus
1116 2290 1267 2354 dominus

190 2398 298 2454 rector
311 2405 385 2454 cum
401 2389 533 2456 domino
548 2389 670 2455 decano
681 2399 713 2454 et
725 2389 849 2452 duobus
862 2388 1103 2453 commissariis.
1117 2389 1161 2452 ad
1175 2389 1267 2469 cujus

191 2487 434 2569 requisitionem
447 2487 533 2554 ittico
545 2487 673 2552 tradidit
685 2487 854 2568 registrum
872 2495 1008 2552 suamet
1023 2503 1134 2552 omnes
1145 2486 1265 2562 literas,

191 2601 326 2650 numero
342 2603 393 2660 xv,
410 2601 482 2652 cum
499 2602 563 2650 uno
579 2585 751 2668 recepisse,
769 2585 801 2660 in
824 2602 937 2650 manus
953 2585 1072 2650 domini
1088 2585 1219 2658 decani;
1237 2593 1268 2649 et

190 2684 221 2748 in
236 2685 397 2766 presentia
408 2683 521 2750 Judoci
537 2694 567 2749 et
579 2685 736 2749 dictorum
748 2685 950 2750 dominorum
960 2684 1077 2766 jurarit
1091 2683 1266 2749 secundum

191 2781 351 2944 taearsagrrissci
382 2783 501 2847 domini
530 2784 665 2848 rectoris
694 2783 946 2864 requisitionem.
977 2785 1068 2858 bern,
1099 2782 1264 2884 V¹¹¹’.s⁰¹·

233 2882 252 2945 2
267 2891 309 2945 r0.

235 3079 393 3160 dicioris,
415 3078 663 3146 amanuembris
679 3079 771 3156 1367,
795 3079 912 3145 indicta
935 3079 993 3145 iuit
1018 3078 1266 3145 extraordinaria

190 3177 399 3260 congregatio
422 3179 580 3244 iacuitatis
604 3179 635 3244 in
658 3180 779 3244 scholis
801 3180 915 3245 artium
939 3194 1037 3260 super
1058 3177 1267 3260 sequentibus

190 3277 354 3353 articulis;
371 3293 507 3358 quorum
528 3278 649 3358 primus
670 3287 719 3344 est
742 3297 751 3338 ε
774 3279 821 3342 Ad
842 3278 1033 3344 audiendum
1061 3277 1172 3343 reterri
1198 3286 1267 3342 acta

190 3376 395 3442 dominorum
411 3378 703 3442 commissariorum
721 3379 885 3460 pedagogii
902 3379 990 3454 Litii;
1014 3377 1178 3444 secundus
1195 3399 1204 3440 a
1221 3376 1268 3440 ad

191 3475 424 3542 instituendum
442 3491 557 3541 novum
583 3486 744 3559 regentem
766 3479 842 3543 dicti
867 3479 1032 3560 pedagogii
1048 3495 1105 3561 per
1119 3476 1268 3542 dominos

191 3575 436 3642 commissarios
452 3577 713 3658 presentandum.

233 3675 394 3753 Quantum
410 3676 447 3738 ad
465 3675 612 3756 primum,
627 3675 775 3740 dominus
787 3675 928 3740 decanus
943 3673 1104 3740 communi
1119 3673 1269 3739 commis·

192 3775 354 3839 sariorum
369 3775 497 3838 nomine
509 3773 653 3855 exposuit
666 3773 847 3855 diligentias
859 3775 1012 3838 maximas
1024 3773 1270 3855 etgravissirnos

191 3874 322 3939 iabores
345 3890 362 3936 a
385 3873 523 3938 dominis
544 3873 775 3938 commissariis
795 3874 975 3954 insumptus
997 3874 1029 3937 in
1051 3872 1269 3938 examinandis

192 3972 436 4038 fundationibus
461 3971 608 4038 omnibus
634 3971 729 4053 hujus
751 3972 877 4049 domus,
900 3983 929 4037 et
955 3973 1146 4037 reducendis
1168 3972 1208 4035 iis
1229 3972 1268 4036 ad

193 4075 360 4140 meliorem
378 4089 469 4138 usum
485 4082 517 4139 et
530 4072 848 4148 administrationem,
872 4090 964 4155 quarn
981 4072 1135 4138 hactenus
1151 4073 1270 4136 babue-

194 4175 267 4238 rint.
285 4171 460 4253 Proposuit
474 4189 599 4254 quoque
621 4171 836 4252 indisciplina
860 4173 1034 4238 domestica
1057 4170 1270 4236 absurditates

195 4273 362 4355 plurimas,
380 4281 488 4336 corrtra
504 4287 594 4353 quas,
612 4270 759 4349 addebat,
773 4272 922 4336 dominos
938 4271 1178 4336 commissarios
1193 4286 1269 4335 cor.-
