3130 4956
739 439 922 518 -ttc-

294 634 440 720 quantivis
453 632 483 699 in
497 633 557 700 froc
569 631 699 717 negotio
710 649 838 716 operam
852 649 940 700 stram
955 630 1093 698 facultati
1107 629 1240 704 navavit.
1251 628 1365 698 merito

294 736 413 801 domini
439 735 578 817 deputati
605 735 632 798 ei
661 752 718 815 pro
745 734 894 800 omnibus
920 733 1083 798 labori'ous
1109 750 1165 798 sex
1191 746 1366 798 coronatos

294 837 511 916 designarunt.
529 839 685 910 Quannrm
701 844 806 900 autom
829 835 867 899 ad
892 833 1132 899 commissarios
1155 851 1193 898 ex
1219 833 1368 898 facultate

294 936 408 1000 artium
423 935 453 998 in
467 952 505 1000 eo
523 936 650 1015 negotio
666 936 834 1016 deputatos
849 949 1024 1013 eorumque
1036 932 1227 1013 stipendium
1244 933 1366 1005 attinet,

294 1043 447 1116 rogarunt
462 1034 581 1099 domini
598 1033 737 1115 deputati
753 1051 790 1097 ex
807 1033 940 1106 eisdem,
959 1040 1109 1114 qnantum
1125 1049 1161 1096 se
1176 1032 1368 1115 promeritos

294 1134 354 1198 hac
370 1133 401 1196 in
418 1151 452 1198 re
470 1134 711 1207 arbitrarentur,
728 1141 822 1214 atque
836 1133 878 1196 ita
893 1149 984 1196 suum
1001 1131 1195 1212 stipendium
1207 1130 1368 1210 deputatis

293 1233 503 1314 aliquonsque
522 1232 731 1298 insinuarent.
755 1232 813 1308 Qui
835 1231 963 1314 quidem
985 1230 1195 1296 commissarii
1212 1229 1366 1295 seceden-

295 1340 342 1396 tes
370 1348 549 1411 parumper,
575 1331 657 1396 inter
678 1349 713 1397 se
739 1331 966 1397 concluserunt
991 1347 1028 1395 se
1054 1331 1121 1394 fore
1143 1337 1322 1404 contentos,
1341 1317 1384 1394 si'

294 1430 430 1511 singulis
445 1420 508 1495 duo
525 1430 668 1496 coronati
686 1439 907 1504 numerentur;
925 1442 1059 1511 quorum
1083 1427 1226 1510 petitioni
1249 1445 1368 1512 aranne-

295 1537 368 1594 runt
384 1528 502 1592 domini
521 1529 672 1609 deputati,
689 1529 937 1610 adjeceruntque
960 1527 1142 1593 tantundem
1163 1543 1237 1594 esse
1259 1544 1369 1593 nume-

296 1628 428 1691 randum
446 1627 574 1691 domino
590 1628 723 1704 decano,
740 1628 791 1709 qui
810 1627 886 1689 ninii
904 1627 962 1689 liae
980 1627 1011 1689 in
1028 1643 1062 1692 re
1085 1626 1227 1706 petierat,
1245 1635 1276 1690 et
1299 1635 1368 1689 tarn·

296 1726 424 1791 tamdem
441 1726 566 1791 bedellc
581 1727 756 1800 facultatis;
788 1725 860 1806 quia
877 1725 908 1788 lui
931 1725 994 1790 duo
1017 1725 1184 1806 precipuas
1206 1724 1369 1790 subierant

296 1825 355 1888 hac
371 1825 402 1887 in
419 1842 452 1888 rc
469 1825 642 1889 molestias.
662 1825 699 1888 m
715 1823 868 1905 preterea,
886 1825 958 1905 quia
977 1823 1092 1906 juratis
1114 1821 1221 1903 oppidi
1245 1823 1276 1887 in
1293 1823 1369 1886 visi·

297 1923 416 1988 tatione
438 1924 553 1989 domus
579 1923 796 2006 pedagogialis
819 1923 887 1988 titii
913 1923 1078 1988 adfuerant
1101 1923 1285 2003 provisores
1309 1939 1371 1986 una

297 2038 369 2086 cum
385 2022 507 2088 decano
529 2023 592 2105 (quvi
615 2039 730 2104 regens
753 2039 810 2104 pro
826 2032 969 2103 tempore
982 2029 1050 2086 erat
1067 2021 1231 2102 pedagogii
1246 2021 1324 2099 lilii)
1340 2030 1372 2086 et

298 2119 425 2187 bedello
441 2122 612 2194 facultatis,
629 2122 701 2186 ideo
716 2120 835 2186 domini
854 2121 994 2201 deputati
1011 2120 1074 2184 illis
1089 2119 1224 2202 singulis
1239 2119 1372 2200 deputa·

301 2229 374 2286 runt
400 2221 584 2286 tantundem
608 2237 666 2303 pro
689 2221 757 2286 suis
780 2220 936 2286 molestiis
958 2220 991 2284 in
1015 2220 1142 2302 negotio
1168 2217 1371 2294 visitationis,

300 2329 452 2403 quantum
465 2320 582 2401 singoli
594 2319 727 2400 opifices
736 2319 832 2400 jurati
845 2317 1374 2400 habuerant,videlicetunicuiqoc

302 2436 398 2485 unum
427 2419 581 2484 florenum
610 2418 789 2496 Brabantie,
806 2418 946 2499 exceptis
972 2428 1076 2484 tamen
1100 2419 1129 2482 in
1153 2417 1301 2483 omnibus
1325 2418 1374 2482 llis

300 2517 470 2598 stipendiis
495 2516 637 2582 laborum
662 2517 820 2598 scripture
843 2533 900 2597 pro
922 2517 1145 2581 informatione
1160 2515 1327 2580 doctorum
1344 2525 1375 2581 et

300 2617 451 2691 aliorum;
469 2617 683 2699 queseorsim
700 2616 852 2682 solvenda
864 2615 1060 2697 iudicabant.
1080 2615 1117 2680 lit
1135 2620 1183 2680 sic
1199 2632 1255 2697 per
1269 2615 1375 2681 omnia

300 2715 460 2782 conclusit
475 2716 626 2782 decanus.
645 2718 734 2792 Acri,
753 2715 833 2791 Vlll,
851 2716 904 2782 fol.
924 2715 982 2780 138
994 2725 1023 2778 νο
1038 2723 1070 2782 et
1088 2715 1143 2780 tae
1160 2722 1200 2781 r⁰.

341 2912 431 2977 fers.
451 2913 567 2978 Parrus
583 2913 723 2988 Gonnus,
747 2922 858 2994 postea
880 2929 991 2978 sacrae
1014 2911 1192 2994 theologiae
1213 2911 1328 2980 doctor
1346 2921 1378 2980 et

303 3011 478 3093 professor,
503 3023 597 3094 atque
624 3013 746 3094 primus
772 3013 943 3094 episcopus
969 3013 1156 3095 Brugensis,
1180 3012 1305 3079 videtur
1320 3013 1378 3076 ali-

302 3126 396 3192 quam
412 3118 530 3191 partem
545 3111 696 3176 habuisse
709 3110 739 3174 in
753 3112 893 3193 regentia
903 3111 969 3174 lilii
982 3127 1042 3176 una
1055 3127 1126 3176 cum
1135 3110 1378 3178 armentariam

301 3209 387 3274 circa
403 3225 520 3273 annum
537 3207 626 3274 tuat
644 3209 721 3275 Vide
736 3227 844 3291 supra,
863 3227 916 3292 pp.
934 3211 993 3275 ll8
1007 3219 1039 3276 et
1054 3209 1124 3274 190.

343 3393 440 3456 Vren.
464 3393 592 3458 loturus
607 3399 818 3460 Pmnsourusa
837 3397 946 3472 nureo,
964 3394 1032 3460 sive
1059 3395 1238 3470 Duacenus,
1259 3394 1378 3460 admis-

303 3508 359 3556 sus
376 3493 459 3557 luita
478 3493 625 3559 facultate
640 3494 751 3559 artium
769 3505 916 3576 tartonam
933 3510 1089 3574 ccregens
1103 3493 1170 3556 Lilii
1185 3492 1217 3556 ll
1235 3493 1377 3558 octobris

304 3591 394 3654 told.
423 3591 456 3654 lu
485 3592 571 3656 Actis
598 3593 757 3658 facultatis
782 3593 898 3674 legitur
923 3594 961 3657 ad
987 3594 1072 3658 hunc
1097 3593 1179 3657 diem
1198 3611 1207 3653 ε
1225 3613 1238 3652 v
1259 3593 1378 3660 Deinde

304 3690 454 3770 magister
468 3695 607 3756 loannes
627 3692 741 3758 lleems
757 3693 797 3758 de
812 3692 1222 3773 Armentereasupplicavit
1237 3691 1377 3757 facultati

303 3790 340 3852 ad
358 3789 538 3854 habendum
554 3791 744 3855 confratrem
760 3791 829 3856 sivo
847 3801 1048 3873 coregentem
1066 3790 1231 3871 pedagogii
1249 3790 1330 3868 lilii,
1347 3800 1379 3856 et

305 3887 412 3966 elegit,
423 3889 615 3968 presentavit
630 3890 768 3954 facultati
781 3892 943 3971 egregium
958 3891 1059 3954 virum
1073 3889 1379 3971 magistrumlolran·

306 4003 377 4050 nem
400 3988 558 4062 altuaco;
576 3997 606 4052 et
632 3989 715 4052 idem
744 3990 895 4070 magister
921 3988 1082 4054 lohannes
1108 3988 1296 4069 supplicavit
1321 4005 1378 4070 pro

305 4085 445 4165 regentia
463 4087 626 4168 pedagogii
654 4088 724 4150 lilii
750 4098 780 4152 et
808 4105 864 4169 pro
887 4088 1035 4169 tegentia.
1059 4087 1097 4152 lit
1119 4087 1253 4153 facultas
1268 4089 1378 4154 annuit

306 4198 414 4250 eorum
432 4185 725 4270 supplicationibus.
743 4209 760 4246 u
775 4189 864 4262 ders,
881 4189 947 4262 vll,
966 4189 1019 4254 fol.
1037 4187 1096 4251 lad
1111 4199 1156 4253 νο.
