3130 4956
745 467 930 532 -196-

294 657 364 713 tore
397 648 650 723 armenteriano,
682 648 814 714 facultas
843 663 906 712 non
942 645 1070 710 admisit
1105 644 1372 727 supplicationem

294 747 395 826 ipsius
422 746 563 827 magistri
588 745 753 821 lothorii,
780 747 884 811 donee
906 755 937 810 et
960 761 1125 826 quousque
1152 744 1373 809 controversia

294 845 376 910 inter
400 844 675 910 armenteriauum
702 853 732 909 et
759 844 940 908 facultatem
966 843 1007 907 sit
1034 841 1148 923 sopita.
1173 841 1371 918 1111111111,

297 943 352 1008 ful.
371 941 409 1004 27
425 953 468 1006 v0.
877 955 882 966 '

334 1139 392 1202 Die
416 1139 544 1210 uemris,
567 1139 672 1216 111111·
679 1138 751 1217 julii
767 1137 857 1212 1556,
882 1136 999 1201 indicta
1022 1136 1080 1200 luit
1098 1135 1260 1217 deputatio
1278 1134 1375 1199 lacul-

292 1236 378 1310 tatis,
395 1235 427 1298 in
444 1235 541 1300 rubea
556 1251 681 1300 camera
697 1235 811 1300 domus
828 1236 998 1312 facultatis,
1008 1236 1085 1299 hora
1098 1235 1200 1300 media
1217 1234 1372 1308 decimae,

292 1333 325 1397 in
342 1333 459 1416 magno
475 1349 621 1398 numero.

333 1433 457 1497 Tertius
469 1432 624 1496 articulus
636 1439 704 1496 erat
716 1432 756 1496 de
770 1431 901 1512 negotio
913 1431 1145 1496 armentariam
1158 1440 1190 1495 et
1202 1430 1374 1503 facultatis,

295 1536 328 1595 ut
344 1540 452 1610 partes
475 1529 639 1595 hincinde
656 1531 772 1594 vellent
787 1531 973 1594 consentire
987 1529 1019 1592 in
1042 1529 1186 1610 quintum
1206 1529 1374 1601 arbitrum,

291 1637 412 1694 attento
424 1629 509 1710 quod
521 1638 655 1709 quatuor
671 1628 780 1693 arbitri
796 1629 888 1694 electi
905 1628 1058 1704 alias,die
1074 1628 1149 1692 lune
1162 1628 1228 1708 xxj·
1238 1626 1376 1708 januarii

295 1727 419 1802 ultime,
444 1744 508 1792 nou
532 1734 667 1807 possunt
690 1729 899 1800 concordare,
923 1735 954 1792 et
976 1726 1062 1808 quod
1084 1734 1192 1807 partes
1209 1725 1284 1790 hine
1301 1726 1376 1790 inde

292 1841 328 1890 se
353 1825 577 1889 submitterent
602 1825 634 1887 in
657 1825 796 1890 arbitros
817 1825 910 1906 juris.
935 1825 1058 1890 Placuit
1080 1823 1328 1888 armenteriauo
1345 1832 1378 1887 et

292 1924 446 1998 facultati,
465 1933 499 1987 ut
514 1924 643 2004 quintus
660 1932 840 1987 assumatur
856 1923 997 2003 perillus
1014 1931 1149 2004 quatuor
1164 1922 1255 2003 prius
1272 1921 1377 1986 nomi-

292 2032 396 2087 natos.
422 2022 459 2086 lit
479 2023 527 2085 sic
550 2039 606 2102 per
629 2022 735 2086 omnia
759 2022 918 2087 conclusit
943 2022 1094 2086 decanus.
1112 2022 1204 2098 dura,
1221 2020 1301 2096 vill,
1318 2021 1376 2084 fol.

291 2121 328 2183 ll
351 2137 397 2184 vo.

257 2349 259 2356 ι
338 2317 364 2379 A
377 2316 477 2396 purtir
492 2315 529 2377 de
543 2333 576 2378 ee
587 2321 717 2378 moment
731 2313 855 2396 juspu’d
878 2313 908 2378 11
926 2321 1002 2378 mort
1017 2315 1058 2378 du
1073 2315 1177 2396 repent
1192 2317 1316 2390 Heema,
1334 2315 1379 2378 fes

298 2415 394 2478 Acras
408 2415 445 2476 de
463 2413 493 2476 fu
513 2413 623 2493 sucultt‘
643 2413 695 2476 des
718 2421 783 2476 crts
797 2414 923 2493 perdent
937 2415 965 2476 fe
979 2413 1091 2476 silence
1101 2431 1155 2476 sur
1169 2419 1243 2476 cette
1257 2419 1378 2476 contro-

298 2531 392 2575 uerse.
415 2512 443 2576 lt
462 2515 529 2592 suut
549 2513 626 2576 done
647 2514 743 2575 croire
758 2529 815 2593 que
836 2511 863 2575 le
884 2513 1051 2594 eiupuidme
1065 2512 1188 2586 arbitre,
1206 2512 1327 2575 nomme
1339 2529 1380 2575 en

298 2618 381 2674 vertu
396 2611 432 2674 de
446 2610 477 2673 lu
491 2612 625 2674 decisiou
640 2611 681 2673 du
696 2611 735 2673 ⁰20
743 2609 844 2691 juillet
858 2611 949 2684 1556,
966 2628 1005 2673 ne
1019 2611 1139 2684 recusit,
1162 2629 1218 2692 pas
1236 2611 1307 2691 plus
1323 2628 1383 2691 pue

298 2727 346 2772 ses
358 2715 463 2790 queue
474 2709 620 2790 eoffepues
635 2710 774 2790 desipues
789 2709 1039 2790 precedemment,
1055 2713 1074 2771 d
1089 2711 1206 2772 donner
1220 2726 1281 2771 une
1295 2709 1381 2771 solu-

299 2808 363 2870 tion
377 2809 429 2888 pur'
443 2809 595 2870 coratentdt
608 2809 651 2871 les
663 2810 778 2889 parties
796 2807 982 2872 interessem.
1001 2809 1042 2871 (fe
1056 2825 1094 2871 ne
1108 2810 1155 2886 sut
1170 2806 1240 2888 pu'd
1255 2808 1286 2870 fo
1300 2814 1382 2869 mort

298 2905 335 2968 de
349 2907 472 2981 flecma,
491 2906 648 2969 madverte
664 2907 678 2968 1
690 2906 793 2986 juillet
808 2905 899 2981 1560,
914 2916 944 2968 et
965 2908 1053 2986 apres
1068 2924 1110 2968 un
1126 2906 1233 2968 rucuuel
1246 2922 1379 2967 onumen

297 3005 585 3078 deluoontrouerre,
602 3004 694 3087 pu'un
716 3006 823 3068 accord
834 3007 982 3068 interviret
995 3011 1077 3068 entre
1098 3006 1128 3068 fu
1150 3005 1263 3084 fucnfte
1283 3012 1312 3066 et
1335 3005 1381 3066 les

299 3104 475 3166 caecuteurs
487 3107 726 3167 testamentalem
735 3105 775 3166 du
789 3105 947 3183 defunten
958 3110 1041 3167 uertu
1053 3104 1164 3185 dupuel
1174 3104 1206 3166 lu
1216 3103 1382 3183 pedepopa'e

298 3201 340 3264 du
355 3203 408 3264 Lt's
423 3202 521 3264 demut
535 3200 766 3280 defirritiuement
782 3202 812 3264 fu
824 3201 981 3282 proprifle
999 3203 1036 3264 de
1060 3202 1089 3264 lu
1111 3201 1288 3278 sumtuum
1304 3207 1381 3264 urfa.

304 3298 386 3362 Vuicr'
397 3300 439 3362 fes
451 3302 577 3362 extruite
591 3301 644 3362 ces
660 3300 757 3362 Aures
773 3307 869 3379 ayunt
888 3307 1011 3381 rapport
1033 3317 1096 3362 cua
1111 3300 1318 3379 ndpcciutr'ons
1329 3301 1383 3382 pati

298 3398 491 3478 precederent
509 3405 554 3460 eet
570 3399 688 3471 accord,
707 3399 833 3461 doulon
849 3404 989 3461 trouuerc
1003 3397 1031 3461 fe
1047 3405 1129 3462 teste
1140 3399 1212 3478 plus
1228 3399 1292 3460 loire
1309 3419 1317 3460 z

339 3596 396 3659 ute
410 3596 562 3670 mercurii,
581 3596 672 3658 tertia
686 3594 797 3656 mensas
813 3593 885 3674 julii
909 3593 1000 3669 1560,
1017 3594 1076 3658 sub
1093 3593 1204 3658 horam
1220 3593 1380 3658 decimam

299 3691 339 3757 de
355 3709 458 3770 mane,
483 3693 600 3756 indicta
616 3702 665 3756 est
690 3691 852 3771 deputatio
875 3691 1033 3755 facultatis
1048 3708 1121 3756 cum
1137 3691 1258 3772 aliquot
1273 3691 1379 3756 senio-

299 3790 388 3856 ribus
415 3791 584 3866 facultatis,
612 3789 664 3854 oui
693 3789 787 3854 etiam
817 3789 959 3853 interfuit
987 3789 1136 3854 dominus
1165 3799 1197 3854 et
1225 3790 1382 3870 magistet·

300 3899 409 3952 noster
436 3889 586 3970 magister
612 3889 727 3953 Petrus
756 3887 895 3963 Curtius,
927 3888 960 3950 in
988 3888 1085 3952 rubea
1111 3903 1235 3952 camera
1264 3889 1382 3953 domus

298 3987 401 4067 ipsius
417 3989 587 4065 facultatis,
605 3987 643 4050 ad
669 3986 887 4066 recipiendum
911 3987 1178 4067 presentationem
1195 3986 1382 4051 testamenti

300 4087 491 4151 venerabilis
515 4087 676 4168 quondam
691 4086 753 4148 viri
769 4085 890 4148 domini
905 4096 936 4150 et
954 4086 1096 4168 magistri
1114 4085 1246 4150 loannis
1263 4085 1383 4152 Heems

299 4185 544 4261 armenteriaui,
553 4183 693 4266 regentis
706 4183 867 4264 quondam
879 4184 1043 4266 pedagogii
1057 4183 1138 4247 lilii.
1147 4182 1381 4266 Quodquidem
