3158 4952
774 487 812 497 —
837 449 959 514 326-

325 645 406 710 gens
422 629 570 696 Falconis
594 639 724 710 paratus
740 639 790 696 est
814 647 903 696 suam
921 632 1095 714 regentiam
1119 630 1285 712 resignare
1301 628 1334 692 in
1351 643 1416 691 ma-

326 727 421 792 nibus
444 727 614 805 facultatis,
632 730 659 794 si
676 740 708 796 et
731 731 933 812 inquantum
956 731 1073 812 aliquis
1095 731 1193 795 luerit
1215 729 1355 793 idoneus
1377 726 1414 790 ad

324 827 512 908 regentiam,
522 829 576 909 qui
589 829 665 894 velit
677 830 759 910 apud
774 829 954 894 facultatem
970 847 1028 912 pro
1037 847 1073 895 ea
1088 829 1284 910 supplicare.
1296 823 1418 890 Deinde

325 926 475 991 dominus
490 927 632 992 decanus
649 929 818 1009 proposuit
833 929 980 995 similiter
992 930 1132 994 dominis
1147 929 1186 992 ad
1201 927 1332 1007 longum
1349 939 1416 988 cer·

325 1033 377 1089 tos
392 1025 473 1090 alios
490 1025 603 1090 modos
626 1027 665 1091 ad
682 1028 875 1092 servandum
894 1037 1042 1108 quartum
1060 1024 1285 1107 pedagogium.
1305 1021 1418 1087 Posuit

325 1123 476 1188 dominus
492 1124 634 1189 decanus
652 1125 917 1208 hujusmodil'per
933 1143 1005 1192 eum
1023 1127 1186 1208 proposita
1206 1125 1237 1186 in
1254 1123 1419 1189 delibera-

326 1221 469 1286 tionibus
492 1223 708 1299 dominorum
726 1227 811 1306 quod
825 1226 914 1306 juxta
937 1226 1178 1291 conclusionem
1200 1224 1252 1287 die
1268 1223 1345 1286 lune
1371 1220 1418 1285 ul-

326 1321 403 1386 timc
424 1331 551 1402 captum
573 1323 789 1389 deliberarent
816 1342 873 1406 per
897 1327 1054 1390 nationes.
1082 1323 1204 1388 Deinde
1230 1320 1352 1386 domini
1379 1320 1418 1382 de

330 1420 480 1485 facultate
502 1430 702 1487 retraxerunt
729 1440 764 1488 se
787 1435 819 1488 et
842 1442 899 1504 per
923 1425 1069 1489 nationes
1095 1422 1364 1492 deliberaverunt,
1388 1427 1418 1483 et

330 1529 559 1598 procuratores
582 1521 746 1586 nationum
762 1523 937 1588 deliberata
963 1523 1002 1586 ad
1019 1523 1201 1587 tenuitatem
1226 1517 1415 1584 retulerunt.

329 1617 374 1680 Ex
396 1618 583 1682 eorumdem
606 1619 809 1684 dominorum
830 1621 1117 1686 deliberationibus
1139 1618 1301 1684 conclusit
1326 1615 1418 1680 deca·

329 1731 413 1790 nus,
444 1716 529 1797 quod
559 1717 709 1782 dominus
744 1737 859 1801 regens
890 1721 1037 1786 Falconis
1067 1719 1256 1800 simpliciter
1285 1714 1416 1780 deberet

330 1815 497 1896 resignare
519 1831 611 1880 suam
635 1819 810 1898 regentiam
835 1819 1034 1883 inmanibus
1057 1817 1232 1890 facultatis,
1248 1825 1417 1894 antequam

331 1913 467 1978 facultas
497 1924 608 1995 posset
636 1933 735 1996 super
764 1935 802 1982 ea
832 1934 867 1981 re
896 1917 1069 1998 disponere
1096 1917 1164 1980 sive
1189 1915 1418 1980 deliberare.»

331 2014 422 2087 bers,
440 2013 505 2088 vll,
523 2015 579 2078 fol.
598 2014 657 2078 tao
673 2023 712 2078 r⁰.

374 2163 433 2224 iiie
448 2163 677 2242 amaricarent
690 2164 804 2226 mensis
818 2164 891 2245 julii
905 2163 996 2236 tata,
1011 2163 1129 2228 indicta
1142 2162 1201 2227 fuit
1213 2158 1420 2243 congregatio

332 2259 491 2323 facultatis
515 2277 572 2340 per
591 2261 806 2340 juramentum
829 2263 860 2325 in
885 2263 1006 2327 sobolis
1030 2264 1227 2334 artistarum,
1246 2261 1284 2324 ad
1310 2260 1420 2322 boram

333 2373 450 2423 nouam
473 2370 547 2424 ante
570 2359 747 2424 meridiem.
765 2360 892 2426 Primus
915 2362 1071 2426 articulus
1087 2368 1154 2425 erat
1178 2359 1217 2422 ad
1240 2357 1422 2422 deliberan-

333 2455 409 2521 dum
426 2456 495 2521 sive
509 2457 744 2538 disponendum
768 2477 866 2540 super
882 2462 1024 2542 regentia
1048 2477 1106 2524 seu
1124 2457 1292 2540 pedagogii
1313 2455 1422 2520 Falcu-

335 2553 397 2619 nis.
415 2555 599 2636 Comparuit
615 2559 645 2620 in
664 2559 744 2622 facie
760 2558 920 2624 facultatis
943 2559 1145 2624 honorabilis
1161 2569 1193 2622 et
1209 2556 1361 2638 egregius
1375 2555 1423 2618 sir

335 2654 489 2736 magister
507 2655 620 2720 Petrus
635 2655 805 2722 Montanus
820 2675 837 2720 a
855 2657 1014 2731 Perwem,
1032 2673 1124 2722 sacre
1140 2655 1304 2736 theologie
1327 2654 1425 2718 liceu-

336 2753 434 2817 tiatus
449 2764 481 2818 et
496 2754 610 2817 artium
628 2755 791 2836 magister,
810 2773 926 2836 regens
943 2755 1112 2836 pedagogii
1128 2754 1291 2826 Falconis,
1309 2751 1426 2834 gratias

338 2851 492 2932 plurimas
515 2869 613 2933 agens
636 2855 727 2917 matri
750 2871 808 2920 sue
828 2855 967 2919 facultati
990 2857 1106 2919 artium
1129 2865 1160 2918 et
1182 2853 1264 2932 ipsis
1285 2851 1427 2916 dominis

335 2950 377 3016 de
399 2951 561 3024 facultate,
584 2951 638 3032 qui
661 2969 732 3016 eum
761 2969 817 3033 per
839 2954 949 3034 plures
971 2969 1074 3018 annos
1100 2951 1364 3032 retropreterilos
1385 2950 1422 3013 ad

336 3049 413 3115 dicti
437 3051 602 3132 pedagogii
630 3051 777 3117 Falconis
801 3053 976 3134 regentiam
996 3052 1206 3124 admiserunt,
1224 3047 1369 3114 offerens
1390 3063 1426 3112 se

336 3157 507 3228 propterea
535 3149 566 3212 in
590 3151 741 3214 omnibus
766 3151 893 3214 auxiliis
915 3161 946 3214 et
968 3166 1068 3230 opera
1093 3149 1205 3213 suain
1229 3149 1370 3212 favorem
1396 3155 1429 3209 et

337 3247 470 3328 gratiam
483 3247 585 3326 ipsius
602 3249 761 3312 facultatis
777 3249 955 3313 referendis
971 3247 1221 3328 paratissimum,
1235 3255 1268 3309 et
1283 3242 1427 3326 regentia

338 3346 459 3426 prefate
475 3347 591 3410 domus
607 3346 675 3410 sive
693 3347 860 3428 pedagogii
873 3347 1021 3411 Falconis
1037 3347 1076 3410 ad
1093 3363 1205 3410 manus
1221 3344 1425 3408 dominorum

338 3444 451 3508 decani
474 3453 505 3508 et
521 3443 680 3510 facultatis
703 3446 819 3509 artium
836 3445 1026 3526 simpliciter
1044 3444 1231 3525 resignavit,
1250 3458 1384 3524 rogans,
1401 3441 1428 3505 si

339 3543 446 3606 miuus
467 3543 573 3608 debite
595 3544 735 3608 facultati
760 3553 814 3608 aut
839 3544 934 3608 alicui
961 3543 1187 3624 magistrorum
1214 3543 1246 3604 in
1273 3541 1427 3606 exercitio

339 3641 482 3722 regentie
496 3642 700 3720 satisfecerit,
717 3645 779 3708 boc
796 3644 897 3724 magis
913 3643 1084 3708 insolentie
1106 3651 1138 3706 et
1154 3641 1314 3722 imperitia
1330 3655 1424 3722 quam

339 3739 521 3821 arrogantie
543 3741 679 3805 asscribi
697 3743 797 3822 petiit.
814 3742 906 3806 Unde
925 3743 1059 3806 facultas
1075 3740 1259 3821 hujusmodi
1285 3741 1429 3821 resigna·

339 3838 458 3903 tionem
485 3840 787 3922 acceptatissimus
813 3842 858 3904 illi
886 3841 1005 3922 gratias
1030 3841 1070 3904 de
1097 3840 1263 3920 diligentia
1285 3848 1318 3904 et
1342 3839 1427 3902 bono

339 3937 507 4019 regimine.

381 4037 547 4102 Secundus
577 4037 734 4102 articulus
763 4048 831 4103 crat
860 4039 897 4101 ad
929 4037 1172 4103 deliberandum
1202 4053 1302 4118 super
1331 4033 1428 4100 certis

339 4136 550 4217 conceptibus
567 4154 625 4216 per
639 4137 882 4202 commissarios
899 4138 1059 4203 facultatis
1079 4138 1162 4203 inter
1178 4139 1281 4217 ipsam
1298 4135 1428 4200 faculta-
