3032 4952
617 455 780 518 ...Π-

143 633 476 710 Brontensis),sacrae
489 633 668 715 theologiae
684 632 911 698 baccalaureus
926 639 958 697 et
969 632 1051 714 juris
1068 634 1236 717 utriusque

140 729 343 796 licentiatus.
363 731 521 796 Defuncto
536 731 575 795 36
594 731 674 814 inpii
697 731 788 807 1596,
805 735 927 797 loanne
942 731 981 797 de
999 732 1149 809 Bievene,
1167 734 1234 798 001-

142 828 219 909 legii
244 830 428 894 Montensis
454 830 631 904 fundatore,
653 831 685 892 in
707 831 769 895 hoc
791 829 926 910 collegio
952 831 1119 906 llontensi,
1142 831 1234 896 tilulo

143 927 323 1010 praesidis,
341 946 414 994 eum
441 930 545 995 adhuc
570 930 640 994 sine
666 930 740 994 dote
765 939 862 1003 esset,
890 930 1116 994 habitationem
1145 947 1234 996 suam

142 1025 256 1091 babuit
269 1026 416 1092 loannes
433 1027 583 1093 Buterne.
602 1027 681 1092 ilinc
697 1027 842 1108 migravit
857 1045 939 1092 anno
962 1029 1040 1092 1683
1064 1029 1102 1092 ad
1122 1028 1235 1110 paeda·

140 1125 277 1208 gogium
293 1126 397 1190 Castri
411 1126 515 1190 factus
527 1125 668 1206 eiusdem
681 1141 807 1206 regens.
821 1125 901 1188 Tum
917 1142 1000 1191 anno
1018 1125 1109 1198 1669,
1126 1143 1235 1191 mense

141 1233 300 1302 angusto,
322 1224 515 1288 Academiae
540 1232 645 1290 rector
673 1223 811 1304 eligitur,
841 1224 1018 1304 postulatus
1045 1241 1062 1288 a
1089 1225 1235 1290 laenitate

139 1324 272 1388 artium.
286 1323 380 1387 Anno
393 1321 486 1396 loll,
496 1339 566 1386 cum
579 1323 630 1387 die
643 1321 675 1384 3ι
685 1321 795 1402 aprilis
812 1321 924 1386 Petrus
936 1339 954 1386 1
966 1322 1232 1404 Fine‚Lyropins‚

143 1423 399 1502 praesidentiam
425 1421 551 1502 collegii
571 1421 704 1503 Vigliani
730 1414 918 1493 dimisisset,
936 1421 1039 1486 factus
1067 1431 1117 1486 est
1142 1422 1235 1486 istius

143 1521 276 1601 collegii
296 1537 429 1602 praeses
447 1520 571 1584 tertius

183 1701 276 1764 xix.
296 1702 412 1764 Parrus
428 1701 611 1777 Lonasanrs,
630 1701 772 1766 Balensis
793 1699 985 1781 campiliae,
1010 1718 1121 1766 saurae
1145 1703 1234 1767 theo-

143 1801 248 1881 logiae
266 1801 820 1882 010010011011011011111111101
837 1799 939 1864 Casiri
955 1816 1039 1864 anno
1053 1800 1144 1863 loll.
1154 1801 1234 1864 llinc

146 1915 230 1963 anno
246 1897 334 1962 tort
350 1899 527 1994 canonicus
545 1897 795 1963 llarlebecanus.

187 2079 258 2140 llll.
288 2078 439 2140 11101101
455 2077 603 2154 Norasne,
622 2077 835 2152 binchiensis,
852 2093 935 2140 anno
952 2077 1027 2140 1601
1046 2078 1078 2140 in
1093 2079 1233 2161 generali

146 2179 356 2258 promotione
386 2177 546 2240 facultatis
575 2175 689 2240 artium
719 2193 736 2240 e
763 2175 874 2240 Castro
908 2177 1088 2250 secundus,
1118 2177 1233 2242 deinde

146 2292 261 2340 sacrae
280 2275 461 2354 theologiae
476 2275 703 2339 baccalaureus
718 2281 750 2339 et
761 2273 843 2355 jnris
860 2274 1024 2354 utriusque
1040 2275 1231 2350 licentiatus,

147 2375 289 2454 primum
320 2373 527 2437 constituitur
554 2373 735 2438 Castrensis
765 2373 950 2454 paedagogii
981 2373 1167 2453 proless0r;
1198 2391 1235 2439 ac

147 2473 306 2552 deinceps
343 2488 428 2536 anno
456 2470 533 2533 1611
564 2471 708 2552 eiusdem
738 2471 924 2552 paedagogii
951 2488 1066 2552 regens
1095 2472 1233 2553 eligitur.

147 2570 362 2636 Postmodum
390 2569 424 2632 lit
450 2569 481 2631 in
501 2569 673 2634 cathedrali
695 2570 896 2634 Atrebatensi
912 2586 969 2650 per
986 2571 1234 2636 nominationem

146 2670 365 2733 academicam
388 2668 574 2742 1100111111,
597 2668 712 2734 deinde
732 2667 890 2743 officialis,
908 2677 938 2734 et
960 2679 1124 2750 postremo
1148 2670 1233 2750 ejus-

146 2768 219 2833 dem
247 2767 445 2832 cathedralis
471 2767 611 2832 decanus
637 2783 675 2832 10
698 2767 886 2832 1101111101
906 2767 1045 2832 vicarius
1060 2769 1231 2849 generalis.

147 2867 292 2932 Atrebati
308 2865 450 2930 decessit
465 2865 503 2928 16
519 2866 709 2946 septembris
731 2865 823 2929 1636.
841 2865 918 2930 Vide
935 2867 1067 2932 Gallium
1091 2868 1233 2930 christio-

146 2984 232 3042 ncm,
253 2975 341 3031 tomo
362 2965 416 3038 lll,
435 2981 465 3043 p.
483 2963 553 3027 369.

232 3143 341 3208 Edidit
360 3143 499 3217 lovanii,
517 3157 600 3206 anno
617 3141 709 3216 toea,
727 3151 871 3222 poemata
885 3143 998 3224 gallica
1015 3145 1189 3224 quaedam:

233 3353 690 3372 ..............
716 3306 805 3370 Gallo
821 3323 972 3371 sermone
984 3307 1078 3388 ligata
1092 3307 1210 3386 poesis,

319 3407 459 3472 Gallicus
475 3415 508 3470 ut
524 3422 675 3470 numeros
691 3405 766 3470 inde
781 3415 873 3485 poeta
890 3415 987 3486 petat.

189 3571 289 3636 Addit
306 3571 437 3658 Paquot.
455 3570 508 3652 qni
525 3569 586 3633 hoe
602 3568 774 3633 distichum
790 3568 888 3634 refert
905 3591 913 3632 ε
932 3592 948 3628 n
961 3569 1008 3631 An
1023 3569 1104 3634 forte
1120 3586 1232 3650 proso·

149 3670 258 3734 diam?
285 3693 299 3728 1
328 3668 463 3748 Scripsit
485 3675 516 3732 et
537 3667 806 3734 florenductionem
838 3667 878 3728 od
908 3667 1046 3748 loplcum,
1072 3670 1128 3732 sed
1150 3668 1231 3750 typis

152 3784 215 3832 uon
232 3783 433 3847 expressam.

193 3946 277 4010 xiil.
300 3947 427 4014 lonuses
441 3947 604 4010 Wnnsnor
626 3947 674 4010 vel
692 3947 903 4020 Wncenorrs,
925 3945 1135 4022 binchiensis,
1150 3947 1233 4028 juris

153 4047 324 4126 utriusque
351 4045 539 4121 licentiatus,
557 4047 657 4112 lactus
680 4055 730 4111 est
752 4062 835 4111 anno
860 4045 939 4109 toas
956 4048 1140 4129 paedagogi
1156 4047 1232 4112 Cas-

152 4146 274 4210 trensis
292 4161 416 4226 regens.
434 4145 513 4211 ilino
528 4142 704 4210 canonicus
720 4145 981 4212 audomarensis.

238 4279 278 4323 tr.
1129 4263 1148 4324 ἱ)
1199 4297 1202 4304 ,
