3252 4954
758 449 881 542 ..uss
907 515 942 526 .-

305 663 496 738 Romanum,
513 664 569 728 sed
594 665 625 727 in
641 665 782 729 savorem
806 661 903 727 studii
929 670 961 726 at
976 659 1250 742 praedicationum
1272 676 1310 724 ac
1325 659 1391 726 dis-

304 762 503 842 putationum
539 763 642 828 instar
677 763 776 828 officii
806 763 954 825 Fratrum
987 759 1246 824 praedicatorum
1278 757 1392 824 obser·

302 861 504 935 vandum,.in
520 863 583 927 alto
601 873 676 928 tono
692 864 795 926 instar
810 861 901 926 ebori
919 860 1072 941 legendas
1089 867 1240 938 surgant;
1258 857 1395 938 reliquis

304 959 455 1024 omnibus
494 963 711 1026 communium
753 961 890 1042 partium
932 957 1173 1023 communitatis
1211 957 1242 1018 in
1280 967 1391 1036 quarta

304 1059 411 1140 vigilia
446 1060 562 1134 noctis,
594 1061 672 1125 bora
703 1061 829 1124 scilicet
858 1059 964 1132 tertia,
992 1057 1031 1122 ad
1062 1057 1159 1120 boras
1187 1054 1395 1120 beatissimae

303 1157 455 1239 Virginis,
487 1175 560 1223 curn
595 1159 757 1242 aliquibus
794 1157 955 1239 adiunctis
995 1155 1170 1237 suffragiis,
1209 1163 1396 1219 reverenter

304 1255 469 1330 dicendas,
487 1259 709 1339 surgentibus.

345 1357 501 1438 Quodque
537 1357 692 1438 quasdam
729 1357 810 1421 alias
846 1355 1079 1428 ordinationes,
1115 1353 1166 1417 bis
1204 1351 1395 1433 praemissis

300 1453 440 1534 junctas,
458 1466 636 1530 servarent,
653 1465 685 1520 et
701 1458 741 1520 de
757 1456 895 1521 fideliter
911 1455 1072 1536 servando
1085 1452 1267 1533 juramenta
1284 1467 1394 1532 praes·

303 1561 419 1626 tarent,
443 1561 474 1617 et
500 1555 688 1633 praesertim
715 1555 755 1619 de
783 1563 929 1635 prompta
958 1554 989 1615 in
1017 1552 1167 1618 omnibus
1190 1550 1391 1625 obedientia;

305 1649 469 1731 signanter
492 1653 532 1718 de
554 1655 753 1729 charitativa,
771 1670 870 1735 aequa
896 1664 927 1718 et
943 1653 1056 1734 legalis
1077 1649 1282 1733 gratitudinis
1304 1667 1393 1714 corn-

305 1765 417 1828 pensa,
445 1751 569 1816 scilicet
596 1769 654 1833 pro
681 1754 895 1833 eleemosynis
919 1761 951 1817 et
974 1749 1197 1816 misericordia
1223 1749 1254 1811 in
1278 1753 1389 1813 eorum

304 1849 486 1914 eruditione
501 1859 532 1915 et
547 1853 782 1933 compositione
799 1869 922 1916 morum
944 1850 1117 1930 susceptis,
1135 1849 1217 1914 alios
1238 1848 1392 1929 parvulos

302 1955 453 2026 posteros
469 1949 612 2030 requisiti
630 1951 788 2026 erudiant,
807 1951 838 2012 in
863 1949 1009 2014 moribus
1024 1948 1163 2028 dirigant
1178 1957 1221 2024 et,
1241 1955 1274 2010 ut
1300 1957 1390 2026 pote-

302 2057 388 2119 runt,
406 2047 492 2112 alere
504 2049 617 2130 juvent
633 2059 721 2115 tanto
738 2051 866 2131 quidem
884 2061 1039 2129 tempore,
1057 2057 1176 2129 quanto
1198 2047 1279 2112 baec
1293 2045 1393 2110 bene-

302 2143 374 2208 ficia
411 2155 484 2210 ante
519 2149 653 2229 gradum
690 2149 872 2214 licentiatus
903 2165 920 2211 a
961 2147 1125 2228 prioribus
1159 2153 1391 2225 susceperunt;

302 2243 425 2308 nullum
441 2254 547 2310 tamen
564 2248 796 2328 magisterium,
811 2246 1096 2326 praeeminentiam
1111 2245 1162 2309 uel
1178 2244 1311 2326 gradum
1327 2241 1389 2306 sibi

303 2353 503 2422 arrogantes,
521 2343 752 2426 cujuscumque
771 2345 924 2409 scientiae
940 2345 1068 2420 luerint,
1087 2343 1146 2407 nisi
1167 2343 1206 2407 ad
1225 2343 1287 2407 boc
1305 2341 1390 2422 jussi

304 2443 464 2518 atrebati,
483 2443 634 2524 quamdiu
651 2453 745 2509 crunt
772 2443 913 2508 membra
934 2443 1117 2523 praedictae
1140 2441 1394 2517 communitatis,

304 2549 358 2604 aut
373 2555 447 2605 esse
464 2542 665 2607 tenebuntur.
1375 2563 1378 2571 ⁸

346 2639 383 2702 Et
398 2637 471 2716 quia
488 2641 670 2721 praedictus
695 2642 835 2706 loannes
860 2658 917 2722 por
932 2641 1089 2722 ejusmodi
1115 2641 1198 2721 piam
1217 2655 1392 2720 pauperum

304 2738 504 2814 humilitatis,
522 2740 720 2820 paupertatis
740 2749 771 2804 et
794 2741 999 2822 frugalitatis,
1016 2740 1116 2822 gratia
1134 2739 1188 2804 liei
1212 2749 1242 2803 et
1264 2737 1395 2818 pietatis

303 2837 442 2912 auxiliis,
462 2838 579 2902 multos
601 2837 640 2901 ad
664 2839 825 2904 ttlrristum
849 2841 1002 2921 parvulos
1026 2840 1140 2904 ductos
1163 2835 1391 2918 compariciis

305 2936 389 3012 quod
414 2951 588 3016 paucorum
615 2953 770 3002 annorum
798 2939 986 3014 intervallis,
1015 2949 1049 3003 ut
1071 2938 1183 3011 credit,
1208 2937 1304 3004 etiarn
1329 2943 1392 2998 tre·

305 3033 390 3095 canti
413 3051 452 3097 ex
478 3035 542 3099 illis
564 3037 603 3098 ad
628 3037 816 3100 reformatas
841 3037 1013 3118 religiones
1036 3047 1111 3101 sunt
1135 3035 1273 3117 ingressi
1297 3043 1392 3114 atque
1510 3104 1513 3114 ,

304 3129 337 3192 in
352 3131 422 3195 dies
438 3134 662 3213 ingrediuntur
676 3151 770 3216 quam
788 3136 927 3215 plurimi,
945 3137 1016 3200 aliis
1031 3137 1070 3200 ad
1087 3135 1244 3217 regendas
1261 3134 1390 3198 sonotas

304 3229 487 3311 similiaque
513 3233 677 3298 fructuosa
700 3244 732 3298 et
760 3235 888 3315 pietatis
913 3245 945 3299 et
971 3236 1099 3299 virtutis
1125 3251 1221 3314 opera
1247 3231 1389 3304 directis,

304 3328 358 3409 qui
381 3339 532 3408 tamen,a
557 3341 646 3412 patre
668 3343 700 3398 et
716 3344 816 3398 matre
838 3334 985 3398 derelicti
1009 3335 1161 3414 omnique
1184 3332 1302 3396 auxilio
1318 3330 1392 3394 des-

304 3426 400 3503 tituti,
419 3429 471 3493 bic
491 3445 508 3492 a
526 3430 661 3495 Domino
685 3433 840 3513 assumpti
859 3443 952 3507 sunt;
977 3433 1041 3514 qui,
1060 3433 1177 3514 ingenii
1201 3428 1395 3496 claritudine

305 3533 337 3589 et
351 3525 434 3591 bona
457 3528 566 3593 indole
590 3529 710 3605 donati,
729 3548 786 3611 per
809 3532 958 3607 virtutes,
977 3547 1033 3612 per
1049 3531 1117 3594 vias
1139 3527 1345 3611 perfectionis
1360 3536 1392 3592 et

305 3625 430 3702 salutis,
456 3643 518 3692 non
546 3628 651 3692 solum
679 3629 841 3710 propriae,
866 3630 922 3694 sed
950 3629 1044 3694 etiam
1072 3629 1218 3702 aliorum,
1243 3628 1282 3691 ad
1310 3641 1392 3707 quos

305 3725 421 3788 eruditi
438 3736 469 3790 et
485 3728 667 3793 mortificati
685 3745 720 3792 se
736 3729 960 3805 transferrent,
978 3727 1057 3792 alias
1077 3726 1291 3809 periclitandi,
1310 3726 1392 3806 piis-

305 3823 387 3888 sime
410 3823 603 3904 diriguntur,
628 3845 666 3892 ac
688 3829 854 3908 complura
877 3837 996 3893 statuta
1017 3828 1091 3904 alia,
1114 3827 1334 3892 ordinationes
1356 3841 1393 3888 ac

305 3922 520 3989 stabilimenta
543 3925 628 4001 lecit,
647 3936 741 4008 prout
768 3935 799 3990 et
820 3928 1088 4006 quemadmodum
1113 3926 1144 3988 in
1168 3923 1394 3989 instrumentis

304 4021 445 4100 desuper
470 4024 627 4088 contectis
652 4026 769 4090 dicitur
795 4026 920 4106 plenius
947 4025 1117 4090 contineri.
1147 4024 1232 4099 Quas
1262 4025 1392 4104 quidem

303 4119 525 4186 ordinationes
555 4139 680 4186 necnon
710 4133 839 4197 statuta,
871 4123 1085 4189 stabilimenta
1115 4133 1146 4189 et
1173 4123 1234 4187 alia
1263 4123 1393 4187 decreta

305 4218 470 4298 praedicta
499 4221 790 4287 reverendissimus
819 4223 851 4285 in
882 4222 1010 4288 Cbristo
1042 4232 1133 4304 pater
1161 4222 1329 4303 Georgius·
1350 4221 1392 4286 de

304 4315 469 4394 Ambosia,
497 4319 609 4386 eadem
635 4321 841 4387 miseratione
867 4323 970 4388 sancti
999 4321 1076 4386 Sinti
1107 4321 1251 4402 eiusdem
1277 4336 1392 4386 sacrae
