3236 4952
721 477 906 541 -163-

270 656 421 738 praeside
443 656 646 721 ferdinando
668 656 814 739 Stoeger,
834 673 896 722 uno
919 671 957 722 ex
983 665 1122 738 quatuor
1143 655 1359 722 directoribus

270 754 391 820 Vienna
431 754 552 830 missis,
584 755 701 837 quibus
730 757 886 838 cuiusque
924 756 1083 821 facultatis
1114 755 1255 820 decanta
1290 763 1361 820 crat

271 853 500 918 subordinatus
518 855 567 931 ll).

314 951 454 1016 0ffendit
483 969 597 1016 recens
623 953 701 1018 illud
732 953 912 1019 institutum
944 971 1006 1018 non
1038 954 1142 1018 solum
1172 952 1358 1034 episcopos,

272 1068 408 1132 quorum
433 1051 517 1132 jura,
547 1053 663 1132 quibus
690 1068 820 1133 semper
847 1054 895 1118 usi
923 1062 1009 1130 sunt,
1036 1053 1160 1118 notorie
1186 1057 1360 1132 aperteque

273 1158 364 1214 erant
386 1151 484 1224 laesa,
504 1150 561 1214 sed
579 1149 669 1230 ipsos
692 1169 820 1232 quoque
835 1153 995 1226 alumnos,
1014 1151 1200 1226 melioribus
1223 1150 1306 1214 vitae
1322 1165 1360 1213 ac

274 1247 371 1312 studii
398 1249 518 1330 regulis
544 1259 706 1314 assuetos.
735 1251 772 1314 Hi
800 1267 878 1332 ergo
901 1251 1108 1316 seminarium
1133 1250 1358 1314 deseruerunt.

155 1380 159 1387 ·
272 1345 333 1410 Sed
350 1347 537 1426 imperator,
555 1365 652 1428 quum
670 1349 700 1410 in
717 1349 789 1414 aliis
806 1350 875 1413 suis
891 1349 1029 1413 statibus
1049 1349 1121 1412 talia
1134 1347 1198 1428 jum
1215 1353 1367 1412 extarent·

272 1445 456 1523 seminaria,
471 1447 557 1510 nulla
571 1448 696 1512 ratione
711 1447 826 1513 adduci
841 1448 955 1528 potuit,
973 1449 1143 1512 consilium
1159 1455 1191 1510 ut
1206 1445 1362 1527 abjiceret

273 1545 366 1610 etiam
386 1545 418 1607 in
435 1545 545 1625 Belgio
557 1545 701 1626 erigendi
714 1547 865 1627 generale
877 1547 1099 1612 seminarium.
1114 1545 1224 1626 ltaque
1236 1543 1358 1618 statuit,

275 1652 308 1708 ut
330 1643 442 1708 saltem
467 1645 647 1724 provisoris
670 1645 903 1710 institueretur.
924 1644 1075 1710 consulta
1094 1645 1153 1709 hac
1168 1645 1200 1708 iu
1219 1661 1253 1707 re
1270 1643 1360 1707 theo-

274 1741 376 1822 logica
392 1744 539 1820 facultas,
556 1743 608 1808 dic
630 1743 670 1806 23
685 1745 829 1809 octobris
846 1743 925 1808 lidi
945 1753 1138 1826 congregata
1161 1743 1361 1807 subdecano

273 1841 389 1905 eximio
405 1842 536 1906 domino
558 1843 701 1916 Glrenne,
720 1844 852 1909 resolvit
877 1843 1172 1908 «instaurationem
1196 1839 1358 1906 seminarii

272 1941 432 2020 generalis
445 1941 613 2022 nequidem
624 1943 792 2023 prouimrie
803 1959 877 2007 esse
890 1942 1095 2022 possibilem3
1113 1941 1229 2005 deinde
1238 1939 1361 2020 iudicat

272 2053 335 2102 non
363 2055 460 2119 posse
485 2041 664 2106 facultatem
690 2057 749 2106 nec
771 2042 892 2106 directe
917 2058 975 2106 nec
997 2041 1153 2105 indirecte
1174 2039 1310 2103 influere
1326 2037 1358 2100 in

273 2136 388 2200 dictam
416 2138 691 2214 instaurationem,
717 2141 965 2205 reclamantibus
991 2139 1165 2220 episcopis,
1190 2135 1361 2203 ordinibus

273 2236 499 2317 plerarumque
528 2239 779 2317 provinciarum,
810 2238 1092 2320 corporationibus
1122 2237 1297 2311 civitatum,
1328 2241 1361 2297 el

273 2337 409 2414 ipsamet
426 2337 650 2414 Urtiversitate,
668 2354 749 2418 quae
778 2338 874 2402 liodie
890 2338 1023 2401 resolvit
1046 2335 1362 2414 repraesentationes

274 2435 457 2498 conformes
483 2435 681 2499 exhibendas
698 2453 771 2500 csse
787 2437 870 2501 Suae
884 2436 1039 2516 tlajesimi
1053 2437 1103 2514 (a).
1121 2459 1133 2494 n
1151 2435 1165 2497 J
1171 2435 1252 2498 ussit
1268 2448 1359 2496 sacra

273 2533 407 2598 donitas
419 2551 477 2614 per
492 2551 585 2598 suum
602 2537 787 2614 deputatum
804 2535 886 2598 lianc
909 2535 1139 2599 resolutionem
1157 2532 1357 2596 referendam

273 2647 347 2696 esse
373 2635 410 2694 ad
438 2633 475 2693 ll.
499 2631 705 2713 Crumplpen,
722 2632 932 2696 secretarium
963 2642 1077 2695 statua.
1102 2631 1210 2710 ltaque
1237 2631 1358 2693 lentum

272 2747 356 2794 anno
385 2732 463 2792 filli
489 2747 527 2794 ac
554 2748 653 2811 prope
675 2731 795 2794 nullum
824 2747 1031 2812 progressum
1059 2729 1171 2793 imbuit
1195 2726 1358 2792 seminarii

271 2830 433 2910 generalis
457 2831 590 2894 erectio.
619 2830 708 2904 Quod
737 2831 874 2910 amplius
897 2839 958 2903 est,
983 2828 1083 2908 Belgii
1106 2828 1357 2908 gubernatorum

272 2928 402 2993 decreto
430 2930 469 2992 de
497 2928 548 2992 die
570 2927 610 2990 28
629 2928 710 3008 junii
733 2929 765 2990 in
790 2929 958 3007 pristinum
983 2929 1121 2991 restituti
1146 2929 1287 3002 fuerunt,
1304 2923 1357 3005 qui

271 3027 340 3091 suis
352 3035 404 3090 aut
417 3027 579 3090 cathedris
589 3027 618 3089 in
633 3027 780 3092 facultate
793 3027 971 3106 theologica
985 3026 1255 3107 autcollegiorum
1270 3039 1360 3104 prae-

271 3127 419 3190 sidentiis
447 3126 573 3191 fucrant
600 3126 727 3206 dejecti.
760 3125 869 3190 llense
891 3126 1015 3190 octobri
1048 3125 1132 3188 aliud
1160 3125 1198 3187 ad
1226 3124 1359 3188 ordines

270 3225 459 3290 Brabantiae
476 3227 609 3289 missum
635 3227 691 3289 l'uit
706 3226 883 3299 decretum,
901 3242 964 3305 quo
981 3224 1189 3304 suspenditur
1212 3223 1359 3287 executio

271 3326 434 3389 seminarii
450 3325 622 3406 generalis,
642 3325 685 3388 uti
703 3335 735 3389 et
750 3341 852 3388 novae
868 3325 988 3388 formae
1010 3323 1147 3388 docendi
1165 3321 1358 3401 theologiam

271 3425 414 3488 Lovanii.

311 3523 490 3603 imperator
517 3523 777 3587 animadvertens
799 3538 918 3585 annum
944 3522 1101 3602 integrum
1131 3519 1294 3585 effluxisse
1320 3534 1358 3582 err

305 3756 342 3826 (ll
364 3757 414 3809 Ces
434 3765 533 3826 quatre
552 3757 703 3810 direoleurs
724 3755 852 3809 etaient:
876 3755 974 3823 Stdger
994 3771 1064 3825 pour
1084 3754 1111 3806 lc
1131 3753 1279 3821 theolor'gie,
1297 3751 1356 3805 Van

268 3846 316 3900 der
331 3847 442 3917 Heyden
457 3864 527 3917 pour
540 3849 567 3900 le
580 3847 663 3910 droit,
680 3847 759 3900 nielli
773 3864 843 3918 pour
855 3847 883 3899 lu
896 3847 1079 3916 philosophie,
1096 3854 1123 3898 et
1137 3847 1231 3916 Meyer
1246 3859 1315 3914 pour
1328 3844 1356 3895 lu

269 3935 451 4006 philosophie.

306 4027 343 4097 (2)
365 4028 407 4081 Un
421 4029 507 4096 grand
522 4029 635 4082 nombre
649 4029 683 4082 de
696 4043 742 4082 ces
756 4027 950 4097 protestatious
967 4033 995 4080 et
1007 4025 1238 4096 representatione
1252 4029 1301 4079 cul
1312 4029 1356 4078 ald

269 4117 377 4172 reuniss
399 4135 448 4188 peu·
467 4121 493 4172 lo
510 4119 646 4173 ohcnoino
665 4119 737 4177 nm,
760 4121 799 4173 Do
821 4119 912 4173 Broux
931 4120 1000 4172 dans
1013 4119 1152 4186 l'ouvruge
1167 4115 1277 4171 intitule'
1294 4135 1300 4169 :
1316 4115 1357 4169 Le

268 4225 328 4262 caeu
351 4214 391 4262 du
410 4215 510 4274 pcepta
531 4211 665 4277 Beleiaue
687 4221 777 4264 contre
799 4215 824 4264 le
846 4211 1136 4264 seminece-Genesar
1162 4215 1195 4262 dc
1216 4209 1355 4272 Leucadia,

273 4300 359 4372 1788,·
374 4302 428 4355 vol.
444 4300 520 4354 in-80
533 4301 567 4353 de
582 4302 672 4356 11-355
685 4319 779 4372 peges.
