3252 4954
761 412 925 476 49-

299 589 396 656 edant
411 589 559 670 ingenus
575 592 775 660 educationis
791 593 919 668 indicia,
942 602 976 658 ut
996 593 1079 658 inter
1099 591 1190 658 sede
1207 589 1388 656 urbanitate

300 697 424 754 certare
445 689 626 755 rideantur.
651 690 678 756 Α
701 709 824 766 mensa,
849 693 943 774 signe
969 693 1056 766 dato,
1074 691 1145 756 sine
1168 705 1267 756 cursu
1293 696 1389 769 atque

300 787 442 854 clamore
457 789 637 855 discedant.

341 888 367 949 A
396 887 548 968 gradibus
586 906 725 972 quoque.
766 890 970 964 ambulacris,
1009 905 1143 962 musaeo,
1175 889 1387 969 hypocausta,

300 985 437 1067 aliisque
456 987 538 1054 locis
560 988 757 1068 hujusmodi,
774 989 858 1054 absit
879 989 1034 1054 tumultus
1056 1003 1094 1052 ac
1110 985 1295 1066 petulantia.
1312 999 1388 1050 can-

302 1087 407 1151 tilenae
423 1095 455 1152 et
469 1086 573 1151 sibila.
592 1089 623 1151 Si
639 1099 790 1156 auctores
816 1089 1013 1171 deprehendi
1030 1095 1200 1169 nequeant,
1218 1086 1250 1148 in
1275 1100 1389 1151 omnes

302 1185 586 1252 animadvertetur.

342 1284 456 1348 lllllll.
481 1285 515 1349 ln
552 1287 709 1352 cubiculis
743 1299 891 1354 servetur
921 1287 1027 1362 nitor;
1060 1294 1170 1352 restes
1205 1293 1237 1348 et
1272 1292 1389 1348 caetere

301 1383 448 1465 supellex
477 1402 538 1450 sue
568 1403 703 1468 quaeque
734 1387 807 1454 loeo
838 1395 1047 1467 reponantur.
1079 1385 1111 1450 Si
1141 1383 1217 1466 quid
1247 1382 1388 1447 lacerum

301 1482 409 1558 luerit,
426 1484 533 1548 statim
550 1486 701 1551 resarciri
717 1496 849 1564 curent3
867 1486 1019 1566 puniendi
1036 1485 1064 1550 si
1081 1482 1289 1566 neglexerint.

341 1582 443 1648 Nemo
465 1585 607 1650 aviculas
622 1585 725 1650 aliave
748 1586 906 1662 animalia,
925 1586 1049 1665 plantas
1071 1594 1126 1648 aut
1141 1582 1287 1653 frutices,
1304 1581 1389 1660 lage·

301 1697 423 1761 nasque
437 1683 557 1749 vitreas
571 1684 604 1748 in
620 1685 769 1750 cubiculo
785 1686 920 1761 habeat;
939 1701 997 1750 nec
1013 1683 1149 1748 matulas
1164 1690 1216 1746 aut
1231 1697 1307 1746 vasa
1324 1679 1387 1744 ullu

300 1780 339 1844 ad
364 1781 521 1848 fenestras
543 1794 707 1864 exponat;
732 1802 847 1867 neque,
871 1795 960 1852 extra
983 1783 1080 1850 studii
1110 1782 1224 1848 nitoris
1247 1792 1386 1860 tempus,

300 1880 416 1946 sordes
431 1898 580 1948 everrere
595 1885 722 1950 audeat.

268 2027 272 2035 .
343 1979 440 2042 llllll.
458 1983 484 2044 A
499 1981 602 2048 tabaci
618 1985 779 2049 lumatcrii
795 2003 853 2050 usu
870 1984 1062 2049 abstineant.
1079 1980 1204 2056 Nullus,
1217 1978 1278 2044 sub
1295 1993 1389 2058 poena

302 2079 404 2158 gravi,
428 2081 511 2146 ausit
526 2083 558 2146 in
574 2083 700 2158 loculis,
715 2085 829 2150 aliisve
844 2082 1067 2148 instrumentis
1079 2081 1185 2162 ignem
1201 2079 1321 2151 lovere,
1335 2084 1390 2140 aut

305 2175 390 2240 aliud
404 2179 531 2259 quiduis
546 2190 681 2257 tentare,
697 2183 782 2248 unde
794 2182 934 2248 incendii
949 2181 1125 2263 periculum
1138 2176 1312 2241 immineat.
1325 2174 1390 2238 Nec

306 2275 474 2356 quisquam
500 2279 622 2360 vinum,
651 2281 854 2358 cerevisiam,
882 2283 1033 2361 capuam,
1061 2277 1224 2343 similesne
1246 2274 1391 2356 liquores

304 2372 336 2436 in
353 2375 524 2458 collegium
540 2379 665 2454 interm,
683 2391 738 2446 ant
752 2380 863 2445 inlerri
880 2389 983 2446 curet.

345 2475 457 2538 Xlllll.
481 2477 717 2560 Numquamne
734 2481 884 2545 claudant
898 2477 1093 2549 cubiculum,
1110 2475 1186 2556 quin
1208 2472 1262 2538 diu
1279 2480 1393 2536 noctu·

304 2593 368 2656 que
382 2577 462 2641 clavi
478 2581 640 2645 communi
657 2589 763 2661 pateat
777 2595 942 2644 accessus.

345 2677 446 2741 Nemo
468 2679 549 2743 clam
566 2681 616 2744 vel
638 2697 746 2745 coram
764 2679 885 2760 aperiat
907 2677 1021 2742 cistam
1045 2677 1095 2740 vel
1115 2673 1297 2739 cubiculum
1314 2671 1391 2737 alie-

305 2791 394 2851 num,
411 2777 505 2842 etiam
523 2795 539 2842 a
557 2779 644 2844 rrullc
660 2779 847 2852 habitatum,
862 2777 981 2842 illudue
996 2774 1206 2856 ingrediatur,
1220 2773 1280 2838 sub
1297 2787 1390 2852 poeua

305 2877 458 2948 carceris.
476 2887 530 2942 aut
543 2879 755 2943 dimissionis.
1079 2873 1082 2880 '

346 2973 473 3039 llllllll.
503 2978 602 3043 Nemo
632 2995 650 3042 e
679 2977 852 3057 Gymnasio
877 2975 1060 3058 egrediatur
1090 2973 1160 3037 sine
1189 2971 1300 3048 venis;
1330 2984 1392 3051 qua

305 3074 446 3148 obtenta.
477 3076 515 3140 ad
554 3078 665 3142 boram
701 3076 907 3140 constitutam
945 3075 1065 3147 redeat,
1097 3071 1216 3151 alioqui
1254 3070 1394 3150 grauiter

307 3175 501 3256 puniendus.
519 3175 576 3248 Qui
593 3192 670 3240 vero
687 3175 726 3238 ab
746 3192 810 3238 uno
824 3174 1027 3254 superiorum
1045 3172 1233 3251 denegatam
1257 3167 1394 3233 exeundi

307 3273 487 3339 facultatem
510 3276 549 3338 ab
569 3275 669 3339 altero
693 3274 830 3354 petierit.
851 3289 945 3352 poena
968 3270 1159 3353 gravissima
1177 3267 1390 3332 mulctabitur.

349 3373 408 3447 Qui
429 3374 500 3437 sine
522 3373 653 3453 speciali
676 3371 769 3438 uenia
797 3370 1027 3444 abundaverit,
1052 3368 1102 3432 vel
1129 3367 1191 3430 alia
1218 3366 1281 3436 vis,
1300 3379 1394 3446 quam

308 3489 366 3553 per
381 3481 503 3552 portam
521 3472 672 3552 majorem
689 3472 759 3536 loro
776 3471 970 3551 contiguam,
988 3467 1215 3549 qualicumque
1235 3474 1392 3542 tempore,

306 3571 431 3645 exierit,
448 3571 487 3634 ad
504 3570 675 3650 collegium
699 3585 762 3634 non
780 3569 975 3641 admittatur,
993 3567 1055 3630 nisi
1077 3581 1181 3646 poenae
1207 3563 1239 3626 in
1255 3561 1394 3626 concilio

308 3669 487 3734 statuendae
503 3685 539 3732 se
555 3667 740 3748 subjecerit.

349 3768 491 3832 lllllllll.
515 3769 615 3832 Nemo
637 3768 708 3832 sine
723 3767 815 3832 venia
838 3768 934 3831 intret
956 3763 1236 3836 valetudinarium,
1253 3760 1393 3825 culinam

309 3879 362 3932 aut
374 3867 522 3947 ianitoris
538 3867 732 3932 cubiculum.
750 3867 781 3930 Si
799 3868 871 3947 quis
888 3865 969 3930 insle
988 3881 1024 3929 se
1039 3864 1160 3928 babere
1176 3861 1303 3932 sentiat,
1322 3875 1396 3924 mox

310 3966 476 4030 adversam
492 3965 706 4032 valetudinem
732 3965 893 4047 significet
909 3964 946 4027 b.
964 3963 1103 4044 regenti,
1121 3962 1170 4026 vel
1194 3957 1394 4039 subrogent.

350 4063 489 4127 llllllllt.
513 4065 625 4140 Nemo,
649 4066 710 4132 sub
733 4081 826 4146 poena
849 4065 1041 4144 gloriante
1064 4060 1251 4128 matutinam
1274 4057 1396 4123 excita·

310 4162 441 4238 tionem,
455 4165 533 4230 citra
547 4174 711 4246 urgentem
726 4164 950 4230 necessitatem
963 4161 1112 4227 eubiculo
1126 4177 1186 4224 suo
1199 4157 1395 4240 egrediatur;
