3232 4942
786 438 971 524 a-ooa-

338 639 544 722 paucioribus
565 641 679 721 planus
694 649 792 706 esset.
810 641 961 724 Magister
982 659 1110 725 quouue
1133 643 1345 718 adhibendus,
1361 643 1416 724 oui

337 741 547 805 lectiunculas
570 741 762 816 institueret,
785 741 973 806 brevissima
997 743 1049 806 illa
1075 754 1255 822 praecauta,
1273 753 1304 805 et
1320 741 1419 804 Latini

338 839 496 904 sennonis
517 851 703 904 ornamenta
727 839 1180 924 usuiaptatet.bd1'ungetem
1204 843 1276 923 ipse
1294 855 1422 904 manum

337 948 368 1002 et
391 955 520 1019 operam
539 959 546 1001 :
566 937 735 1010 mathesin,
753 949 784 1004 et
807 941 994 1020 praesentim
1011 940 1095 1003 illam
1120 939 1289 1005 militatem
1315 939 1423 1003 ttade-

247 1095 249 1100 ,
338 1053 419 1114 rem,
437 1055 517 1118 quae
535 1037 575 1102 de
592 1037 833 1114 munitionibus,
852 1039 994 1116 aciebus,
1013 1039 1329 1120 stratagematisest;
1349 1054 1424 1102 mox

340 1137 471 1202 moralis
500 1147 531 1202 et
560 1137 709 1218 politicae
743 1139 897 1204 scientiae
925 1141 1162 1221 compendium,
1190 1138 1421 1218 historiaeque,

339 1243 430 1316 orout
449 1237 602 1320 temporis
617 1247 647 1302 et
665 1237 867 1317 ingeniorum
885 1240 965 1304 tatio
983 1247 1154 1319 patetetut.
1172 1239 1272 1320 Magis
1288 1237 1423 1300 inelina-

340 1335 410 1399 bam
434 1336 465 1399 in
488 1337 546 1401 bas
566 1337 788 1418 cogitationes,
809 1339 881 1419 quia
898 1342 961 1402 dux
978 1339 1057 1403 baec
1079 1339 1159 1420 ipsa,
1181 1355 1274 1420 quam
1299 1336 1422 1408 incolo,

338 1435 492 1514 praebete
504 1435 610 1500 locum
624 1437 690 1500 uisa
704 1447 752 1500 est
771 1437 943 1502 tamnobili
965 1437 1112 1503 instituto
1135 1435 1266 1502 maxime
1289 1436 1422 1500 idonea.

339 1535 399 1597 Sed
418 1551 524 1600 nonne
537 1535 566 1598 in
583 1536 695 1600 eadem
708 1537 837 1601 educati
850 1545 945 1618 atqtte
961 1537 1084 1602 institui
1099 1537 1276 1618 principum
1295 1543 1423 1598 nostro

340 1649 409 1697 tum
438 1633 493 1696 tttti
521 1635 597 1699 olim
623 1635 752 1700 solent?
781 1635 915 1700 Carolus
942 1636 1011 1718 ipse
1039 1637 1062 1698 v
1098 1637 1151 1701 bie
1179 1645 1423 1718 praesentatem

342 1731 533 1797 Hadrianum
564 1733 691 1810 babuit,
722 1735 774 1798 bic
803 1753 821 1798 c
850 1751 941 1800 sacta
972 1737 1093 1817 Regum
1124 1735 1256 1800 historia
1294 1733 1425 1797 animos

341 1831 458 1907 bausit,
483 1832 548 1912 qui,
573 1832 600 1896 si
628 1833 688 1896 tata
717 1833 1121 1914 permisissenutenarum
1137 1833 1205 1898 otbi
1221 1831 1424 1897 subicerent.

340 1927 414 2001 Sed,
431 1929 471 1994 de
486 1941 549 1996 tota
563 1931 623 1996 bac
639 1946 672 1996 te
688 1931 774 2013 loqui
789 1933 884 2008 malo,
898 1949 991 2015 quam
1010 1933 1099 2015 olona
1113 1932 1275 2006 scribone,
1294 1942 1426 2012 natatus

342 2029 395 2092 uni
414 2027 478 2093 filio
495 2037 549 2095 tuo
566 2030 762 2110 inpendet-e,
777 2031 931 2113 quidquid
948 2033 1054 2097 multis
1072 2033 1149 2096 utile
1162 2049 1235 2096 esse
1250 2031 1426 2094 arbitratus

342 2143 423 2192 sum.
443 2127 528 2193 Vale.
545 2129 687 2208 Louanii,
705 2131 735 2193 in
754 2132 847 2206 Arce,
866 2131 897 2214 iij
916 2149 990 2197 non.
1008 2131 1099 2213 april.
1119 2149 1149 2194 tt.
1168 2149 1226 2194 tac.
1243 2147 1312 2193 uvat.

333 2345 334 2352 ’
440 2341 470 2405 9.
487 2378 527 2389 —
546 2345 718 2424 Desigttctio
740 2343 857 2427 collegii
878 2349 940 2412 siue
962 2347 1149 2412 contubernii
1171 2344 1317 2409 nobilium

376 2459 554 2524 puerorum,
578 2461 637 2526 quo
658 2446 808 2509 ittslilult'o
830 2447 979 2511 lilleturt'c
994 2449 1115 2540 biettttio
1137 2445 1312 2510 absolvatur
1327 2446 1380 2522 (ll.
1471 2517 1476 2523 Ι

384 2623 427 2688 lla
452 2625 557 2691 adbuc
582 2627 720 2710 dignitas
749 2631 878 2696 latinae
904 2633 1042 2714 linguae,
1071 2639 1104 2696 ut
1130 2629 1244 2695 attium
1273 2629 1427 2693 scientia-

334 2727 478 2806 'tumque
501 2726 628 2792 unicum
652 2739 874 2796 ornamentum
899 2731 955 2807 sit:
980 2749 1017 2796 ea
1043 2731 1232 2808 necessitas,
1251 2741 1284 2793 ut
1306 2729 1428 2791 instru-

344 2834 497 2892 mentum.
515 2825 629 2890 Vatum
647 2827 730 2891 onim
746 2846 824 2894 veto
839 2840 885 2894 tot
900 2831 1033 2906 subolis,
1049 2829 1224 2906 laboribus,
1238 2827 1430 2918 ambagibus

342 2924 517 3004 quaetitut,
550 2935 582 2989 ut
617 2943 745 3007 sempet·
773 2929 864 2993 nudis
899 2947 936 2993 ac
965 2929 1099 2993 barbata
1131 2923 1184 3002 si't,
1216 2927 1428 3007 sterilemque

343 3039 449 3087 tetum
472 3023 609 3089 tanetum
626 3025 795 3108 relinquat.
816 3025 875 3093 Pet
898 3039 943 3092 tot
958 3029 1069 3110 solitas
1093 3029 1132 3091 ad
1156 3027 1253 3092 botes
1278 3043 1424 3106 serpere,

344 3137 400 3200 pet
424 3131 472 3187 tot
492 3139 607 3204 vepres
630 3125 668 3189 ad
692 3125 826 3206 iungam,
844 3128 959 3192 dutum
982 3145 1019 3192 ac
1043 3127 1193 3192 ntisetum
1218 3135 1303 3207 puto.
1324 3126 1422 3204 bigne

342 3220 455 3285 saltem
483 3223 616 3288 melione
641 3225 842 3291 institutione
870 3227 1018 3291 nobilitas
1042 3237 1120 3302 etat,
1139 3237 1170 3290 et
1196 3244 1211 3288 a
1235 3241 1331 3306 grege
1353 3225 1422 3288 exi-

343 3319 467 3383 menda.
485 3319 545 3386 Sed
570 3321 722 3388 innovate
744 3323 898 3391 difficile:
924 3335 955 3391 et
979 3327 1097 3390 mauult
1113 3327 1248 3407 unisque
1272 3339 1333 3386 non
1357 3322 1421 3402 nna

342 3420 482 3484 eundum
498 3430 559 3498 est,
577 3421 634 3488 sed
650 3423 711 3504 qua
727 3425 802 3501 itur,
820 3426 922 3506 sequi.
943 3425 1022 3491 ilinc
1039 3443 1111 3490 mox
1128 3426 1294 3492 tabescunt
1310 3423 1422 3486 bumili

378 3653 416 3724 (l)
437 3651 497 3709 Une
509 3656 622 3726 analyse
635 3657 668 3711 de
681 3661 751 3714 calle
764 3658 839 3730 piace
852 3657 955 3713 int'sdile
968 3659 1004 3712 du
1020 3675 1179 3714 successeur
1197 3657 1230 3712 de
1243 3656 1257 3710 J
1261 3653 1421 3725 uste-Lipse

341 3759 358 3796 a
377 3741 419 3798 ete
438 3741 545 3816 publiea
566 3746 634 3801 dans
653 3747 679 3802 le
698 3749 855 3817 Catbollque
871 3751 905 3804 da
926 3749 1012 3814 Gand,
1040 3749 1117 3804 1828.
1134 3781 1167 3789 -
1182 3749 1219 3804 bt.
1237 3749 1262 3802 le
1281 3747 1365 3802 baton
1385 3746 1421 3800 ds

341 3833 526 3907 Raiffsnbatg,
537 3839 605 3892 dans
619 3857 662 3895 ses
682 3841 789 3896 Nolieea
801 3851 825 3896 ct
844 3849 959 3896 extruite
977 3846 1201 3896 desnmnuscrits
1214 3845 1246 3894 dc
1266 3844 1293 3893 lu
1313 3841 1420 3892 Biblio-

324 3917 439 3993 ΨΜ
464 3935 497 3982 αθ
520 3931 692 4000 Bourqoyne.
719 3933 739 3998 t,
762 3950 788 4004 p.
810 3933 855 3998 to,
878 3933 967 3988 donne
990 3933 1037 3988 des
1061 3933 1158 3987 details
1180 3949 1227 3986 sut·
1249 3947 1302 3986 une
1325 3939 1422 4000 espace

341 4015 505 4074 d'acaddmie
515 4037 568 4092 que
580 4021 719 4078 Puteanus
728 4025 801 4078 avait
810 4024 900 4094 eriges
911 4023 976 4079 citez
990 4025 1107 4087 lui,sous
1119 4027 1145 4078 le
1154 4025 1218 4078 titre
1228 4025 1261 4078 de
1272 4023 1421 4076 Palaestra

341 4109 425 4162 bonae
446 4117 552 4177 meam,
568 4113 636 4167 dans
657 4115 779 4186 laquelle
796 4131 839 4168 ees
857 4115 946 4170 eleves
965 4116 1141 4183 s'exetoaient
1159 4121 1176 4170 d
1196 4117 1224 4170 la
1241 4113 1422 4186 composition

338 4203 369 4251 ot
382 4199 422 4253 lui
436 4201 577 4258 rendaient
587 4212 698 4276 compte
710 4207 745 4260 de
758 4207 831 4262 lenta
844 4213 959 4261 tavaux
973 4205 1132 4263 littdnitutt.
