3130 4956
582 419 769 510 -lsr-

134 640 168 693 ct
191 619 400 694 conclusione
426 627 588 696 facultatis
613 634 689 696 tunc
710 635 800 710 capta
820 626 941 695 dictum
967 635 999 694 et
1021 633 1214 710 responsum

134 727 187 792 fuit
211 728 285 794 illos
310 729 349 794 ad
373 730 551 810 regendam
566 737 598 794 et
619 728 790 810 tegendam
814 744 878 793 non
894 743 968 794 esse
983 727 1211 806 admittendos,

134 837 220 907 prout
247 844 314 893 nou
339 827 552 902 admiserunt,
580 827 640 892 nisi
668 829 804 910 primum
827 835 859 892 et
881 836 954 892 ante
975 828 1082 892 omnia
1105 843 1215 893 coram

135 926 253 990 notario
280 935 312 992 et
339 927 487 1002 testibus,
515 935 610 1010 atque
639 927 763 994 decano
789 935 821 992 et
851 927 1012 1007 deputatis
1041 927 1213 1002 facultatis,

133 1024 304 1100 declarent,
320 1035 351 1092 et
363 1027 496 1108 quilibet
511 1043 621 1092 eorum
638 1027 790 1100 declaret,
809 1025 984 1106 regentium
997 1034 1029 1091 et
1045 1026 1215 1108 legentium

134 1124 297 1206 pedagogii
316 1127 384 1190 lilii
402 1127 497 1208 pleno
516 1125 590 1208 jnre
611 1135 760 1208 spectare
775 1125 813 1190 ad
831 1125 1012 1192 facultatem
1028 1126 1154 1201 artium,
1172 1125 1215 1190 ita

133 1224 211 1304 quod
228 1223 261 1287 iu
279 1233 441 1306 potestate
457 1225 554 1290 libera
569 1225 728 1290 facultatis
740 1225 781 1289 sit
795 1233 955 1305 petentem
972 1225 1146 1308 regendam
1162 1232 1218 1290 aut

133 1321 299 1402 legentiam
314 1324 483 1390 admittere
498 1325 548 1392 vcl
565 1341 629 1389 bon
644 1323 825 1398 admittere,
843 1332 875 1388 et
896 1323 1058 1390 admissos
1081 1340 1139 1405 pro
1154 1340 1215 1388 suo

134 1421 260 1486 arbitrio
276 1423 443 1506 deponere
458 1433 489 1490 et
503 1440 704 1498 ammovere;
722 1433 753 1488 et
768 1439 857 1496 casu,
874 1439 938 1505 quo
953 1423 1030 1488 dicti
1046 1423 1215 1488 demente·

134 1521 239 1590 riscus
264 1531 299 1586 ct
324 1523 442 1598 buaco,
472 1531 504 1586 ut
531 1522 724 1604 premissum
748 1536 809 1598 est,
834 1539 908 1588 sese
931 1521 1105 1598 declarent,
1129 1522 1215 1604 quod

135 1627 206 1684 lunc
220 1629 328 1686 tamen
345 1639 409 1686 non
426 1621 631 1686 admittantur
646 1621 707 1686 nisi
723 1622 827 1686 solum
843 1621 881 1686 ad
900 1621 1075 1702 profestum
1091 1621 1215 1704 degum

135 1719 273 1799 proxime
290 1721 444 1786 futurum.
469 1720 507 1786 Et
522 1722 595 1802 quia
619 1720 752 1802 predicti
775 1718 1038 1784 armenterianus
1060 1730 1092 1785 et
1110 1722 1215 1786 buaco

134 1817 316 1900 hujusmodi
341 1820 591 1886 declarationem
619 1820 761 1884 nondum
784 1820 940 1896 fecerunt,
968 1821 1025 1886 sed
1047 1821 1133 1901 quod
1155 1824 1215 1886 Ar-

134 1919 349 1984 menterianus
371 1919 455 2000 apud
478 1919 648 2000 deputatos
671 1918 829 1988 facultatis
851 1919 1009 2000 quandam
1025 1919 1215 1985 declaratio·

134 2033 199 2080 uem
216 2020 249 2082 in
265 2019 400 2100 scriptis
415 2019 626 2094 exhibuisset,
643 2021 809 2084 caudatam
832 2027 864 2084 et
881 2019 1046 2084 limitatam
1062 2035 1100 2084 ac
1116 2022 1215 2085 multa

135 2118 363 2194 protestatione
378 2119 544 2198 repletam,
562 2133 656 2199 quam
672 2118 813 2198 deputati
837 2118 995 2182 facultatis
1011 2119 1096 2182 velut
1112 2119 1215 2183 insuf-

135 2213 291 2282 ficientem
320 2234 383 2282 non
407 2226 624 2300 acceptarunt,
649 2217 738 2298 petiit
758 2225 928 2296 propterea
951 2215 1117 2298 sandicus,
1139 2218 1216 2300 quid

134 2316 288 2396 agendum
306 2325 337 2382 et
348 2318 511 2398 quomodo
535 2316 669 2382 ulterius
693 2316 725 2378 in
742 2315 871 2396 negotio
887 2317 1125 2395 procedendum
1142 2317 1214 2384 erit.

135 2412 342 2479 Etouminter
352 2413 789 2496 proponendumbujusmodi
803 2414 1216 2494 prefatusdrmenterianus

134 2514 386 2594 supervenisset,
410 2515 572 2596 multaque
595 2531 652 2596 pro
675 2529 734 2577 sua
756 2513 963 2577 excusatione
985 2515 1168 2594 allegasset,
1185 2523 1218 2588 cl

135 2612 211 2678 inter
229 2615 294 2678 alia
314 2631 351 2680 se
372 2613 606 2696 quamoptime
628 2612 730 2677 fuisse
750 2612 898 2677 meritum
920 2629 997 2694 erga
1020 2613 1213 2690 facultatem,

135 2714 279 2795 quodque
296 2713 367 2794 ipse
391 2713 432 2777 ito
455 2713 626 2778 inciviliter
648 2721 681 2777 et
702 2712 772 2777 sine
788 2729 885 2777 causa
905 2729 969 2776 non
985 2723 1097 2793 posset
1113 2731 1216 2796 nequo

136 2811 262 2877 deberet
285 2813 417 2878 destitui
440 2823 495 2878 aut
514 2813 689 2878 ammoveri
704 2829 721 2876 a
738 2829 796 2876 sua
813 2813 967 2894 regentia,
985 2815 1134 2895 quodque
1151 2831 1217 2880 me·

135 2911 236 2978 luebat
263 2913 327 2978 sibi
354 2913 437 2980 strui
465 2914 600 2978 insidias
628 2929 685 2995 per
711 2913 836 2994 aliquos
861 2930 900 2978 ex
930 2913 1090 2988 facultate,
1118 2922 1150 2978 et
1180 2931 1217 2980 se

135 3011 281 3076 demirari
306 3013 477 3094 plurimum
493 3029 587 3093 quam
606 3013 647 3077 ob
660 3029 727 3077 rem
744 3012 813 3093 ipse
830 3028 893 3078 non
910 3012 1005 3077 fuerit
1026 3013 1217 3096 simpliciter

135 3112 290 3178 admissus
313 3114 352 3178 ad
370 3114 545 3194 regendam
568 3122 599 3178 et
618 3113 788 3196 legentium
804 3129 863 3194 pro
878 3129 915 3178 se
934 3122 965 3177 et
980 3112 1049 3177 suis
1068 3114 1100 3178 in
1117 3114 1215 3194 peda·

134 3211 222 3292 gogio
249 3211 320 3276 bitti
347 3211 534 3294 regeutibus
559 3221 591 3276 et
616 3211 809 3292 legentibus,
835 3213 920 3278 sicut
943 3212 1043 3276 ceteri
1066 3223 1216 3294 regentes

135 3310 256 3376 luerunt
267 3311 466 3376 admissind
479 3328 541 3394 que
553 3311 659 3376 dictus
671 3312 816 3378 sindicus
830 3311 997 3392 respondit
1010 3319 1043 3376 et
1054 3312 1214 3393 allegavit,

135 3410 211 3488 quod
230 3427 292 3492 pro
309 3411 391 3476 bene
407 3412 530 3476 meritis
545 3429 602 3492 per
616 3411 895 3476 armenterianum
911 3411 1051 3476 facultati
1072 3412 1216 3493 prestitis

136 3507 265 3587 plurime
287 3509 334 3574 illi
361 3520 531 3592 agerentur
545 3523 577 3576 et
592 3511 715 3592 agcude
729 3519 805 3576 sunt
826 3510 945 3594 gratim
962 3510 1112 3592 quodque
1128 3511 1215 3577 uullc

136 3605 232 3672 eidem
254 3619 423 3674 struantur
443 3609 570 3684 iusidie,
595 3611 745 3690 quodque
767 3609 868 3674 ceteri
890 3621 1039 3692 regentes
1061 3627 1123 3674 bob
1141 3627 1215 3674 sus-

136 3705 233 3772 tinent
253 3711 316 3774 tale
336 3707 426 3792 quid,
451 3709 544 3790 quate
566 3709 636 3792 ipse
660 3708 922 3774 armenterianus
941 3709 1026 3776 circa
1042 3711 1213 3792 articulum

136 3807 273 3888 regentie
296 3809 328 3872 in
350 3825 412 3874 suo
435 3809 612 3892 pedagogio
637 3809 775 3874 sustinet
800 3819 831 3876 et
853 3808 1016 3873 sustinere
1032 3809 1164 3884 nititur;
1181 3817 1214 3875 et

136 3905 173 3968 ob
188 3907 232 3982 id,
254 3909 284 3972 si
307 3909 377 3992 ipse
398 3907 663 3974 Armenteriauus
681 3909 754 3973 velit
769 3908 934 3974 declarare
952 3917 984 3974 et
1000 3908 1091 3973 fateri
1108 3909 1213 3992 quoad

137 4005 301 4074 articulum
323 4009 520 4092 regentieet
543 4009 681 4092 legende
702 4009 735 4073 in
759 4008 934 4092 pedagogio
949 4007 1020 4072 Lilii
1032 4007 1121 4090 Juxta
1137 4025 1213 4076 con·

137 4103 311 4174 elusionem
345 4109 501 4190 postridie
534 4109 667 4176 [lionisii
696 4117 839 4190 captam,
870 4109 953 4176 sicut
980 4109 1034 4172 alii
1064 4117 1213 4190 regentes

139 4204 349 4286 declararunt,
359 4209 464 4274 omnia
478 4219 590 4294 pacata
605 4213 685 4278 fore.
702 4209 740 4274 tlt
754 4209 828 4294 quia
843 4208 1108 4276 armenterianus
1123 4224 1215 4280 suam
