3284 4956
641 493 805 556 ..97-

205 672 379 739 nistrationis
409 671 512 736 dictae
540 671 656 736 domus
686 671 868 737 Standonck
906 681 937 736 et
966 671 1042 736 dicti
1076 669 1263 753 paedagogii

206 782 310 840 maneat
322 771 422 854 qualis
436 772 475 836 ab
491 771 712 836 immemoriali
727 772 792 852 jam
809 779 954 852 tempore
969 771 1038 835 fuit.

240 939 354 1017 Quarto.
376 936 417 1001 Ut
440 936 478 999 ad
504 935 608 1000 dictos
631 934 779 1000 dominos
802 934 988 1014 provisores
1004 941 1127 1014 spectet
1143 943 1174 997 et
1191 949 1264 1012 pcr-

209 1037 290 1101 tiueat
302 1035 448 1115 deligere,
466 1043 498 1098 et
513 1036 573 1098 sub
596 1034 694 1098 certis
712 1032 953 1098 conditionibus
968 1032 1136 1096 instituere
1152 1047 1264 1112 regen-

207 1144 258 1199 tem
273 1133 516 1214 paedagogii‚ita
532 1141 635 1196 umen
658 1141 692 1195 ut
714 1141 803 1212 pater
825 1131 939 1196 domus
961 1130 1174 1196 Standonicac
1188 1146 1263 1194 cum

209 1233 303 1297 iisdem
317 1233 451 1298 dominis
467 1231 690 1311 provisoribus
712 1231 744 1294 in
769 1233 829 1295 bac
847 1247 882 1295 re
898 1247 1009 1296 vocem
1025 1229 1264 1295 deliberativam

210 1331 409 1405 etelectivam,
427 1331 496 1394 siva
511 1329 701 1394 definitivam
719 1330 842 1396 habeat.

243 1494 351 1573 omno.
368 1495 408 1558 Ut
422 1494 528 1558 dictus
544 1501 635 1574 pater
650 1510 711 1557 una
726 1510 798 1558 cum
814 1494 909 1558 dictis
932 1492 1071 1558 dominis
1090 1490 1265 1572 provisori-

211 1592 330 1674 bvspari
345 1601 502 1674 potestate
523 1593 642 1668 audiat,
666 1593 832 1674 approbet,
857 1594 962 1674 signet
984 1601 1167 1672 computum
1190 1607 1265 1672 pae-

213 1689 314 1771 dagogii
330 1709 453 1757 necnon
470 1708 623 1756 novarum
636 1701 668 1756 et
683 1693 921 1772 particularium
937 1677 1168 1762 funestiorem,
1184 1705 1265 1770 quae

214 1789 380 1871 paedagogio
405 1801 616 1856 accesserunt
640 1791 690 1854 vel
713 1790 877 1866 accedent,
903 1799 935 1854 ut
958 1789 1126 1869 providere
1150 1786 1262 1866 possit,

215 1904 245 1952 ue
258 1905 305 1968 per
323 1888 479 1969 ejusmodi
501 1887 705 1954 fundationes
727 1899 876 1970 gravetur
898 1887 1140 1968 paedagogium,
1161 1895 1192 1950 et
1208 1901 1265 1966 per

215 2002 388 2067 musaquens
403 1987 474 2068 ipsa
488 1986 603 2052 domus
619 1987 823 2052 Standonica.
842 1986 1039 2065 Habebitqoe
1053 1986 1159 2050 dictos
1175 1993 1265 2064 pater

210 2099 319 2150 suarum
332 2085 531 2150 vacationum
554 2085 586 2148 in
609 2086 703 2150 dictis
726 2085 929 2166 compotibus
944 2083 1113 2148 audiendis
1129 2083 1265 2146 honora-

215 2181 279 2246 rium
291 2183 402 2263 pariter
420 2199 492 2248 cum
515 2183 610 2248 dictis
634 2185 867 2263 provisoribus.
888 2183 1040 2247 Similiter
1062 2181 1265 2246 adhibebitur

215 2278 298 2346 dictus
317 2291 402 2362 pater
425 2298 581 2346 unacum
604 2283 825 2362 provisoribus
852 2283 944 2347 novis
967 2280 1207 2346 fundationibus
1231 2279 1261 2341 in

219 2378 416 2461 paedagogium
433 2380 638 2461 recipiendis,

251 2557 338 2624 Serto.
361 2561 399 2625 Ut
422 2559 660 2624 excrescentiae
682 2559 757 2624 dicti
779 2559 977 2641 paedagogii,
994 2576 1087 2640 quam
1103 2559 1265 2642 pertinere

216 2653 245 2716 ad
266 2657 379 2722 domum
408 2658 633 2722 Standonicam
662 2658 781 2722 dictum
811 2668 875 2734 est,
907 2659 1036 2722 nomine
1068 2659 1264 2738 intelligatur

217 2753 451 2836 residuumquod
469 2755 611 2836 legitimo
627 2755 802 2836 computui,
820 2755 1102 2836 praesentibusvel
1119 2757 1263 2836 proxime

218 2849 423 2919 inminentibus
440 2856 626 2938 paedagogii
640 2855 801 2928 oneribus,
813 2855 924 2919 usibus
936 2856 986 2920 vel
1003 2855 1260 2928 necessitatibus,

216 2945 311 3028 judicio
327 2954 525 3032 provisorum
548 2953 732 3018 censebitur
754 2969 950 3028 excrescere,
975 2954 1018 3017 ita
1043 2963 1147 3018 tamen
1173 2962 1205 3017 ut
1230 2954 1263 3016 in

219 3043 378 3115 instituenda
400 3069 512 3115 mensa
529 3053 713 3135 paedagogii
731 3062 762 3118 et
778 3062 1021 3133 praeceptorum
1038 3051 1119 3133 ejus,
1137 3068 1263 3116 eorum-

219 3161 266 3223 que
285 3151 503 3216 constituendis
526 3153 706 3234 stipendiis,
731 3153 865 3216 taxanda
892 3165 1001 3216 mensa
1030 3152 1262 3226 convictorum,

219 3243 470 3325 aedificationibus,
488 3249 744 3330 reparationibus
760 3251 926 3320 faciendis,
937 3249 1075 3314 sufficiat
1089 3249 1263 3314 auctoritas

219 3339 375 3420 etjudicium
389 3349 721 3429 provisorumaudito
733 3351 844 3414 saltem
857 3367 874 3412 a
888 3349 1110 3430 provisoribus
1123 3351 1262 3429 desuper

218 3447 295 3515 patre,
310 3461 364 3508 uon
379 3446 474 3511 etiam
487 3447 556 3528 ejus
571 3465 732 3512 consensu
750 3449 916 3528 requisito;
934 3449 961 3512 si
980 3447 1054 3529 quid
1071 3465 1148 3512 vero
1165 3447 1196 3510 in
1214 3447 1263 3511 bis

218 3537 354 3620 exorbiter,
367 3544 397 3608 in
410 3555 574 3626 computu,
599 3545 730 3627 corrigi,
749 3546 911 3610 emendari
927 3563 964 3611 ac
980 3546 1142 3628 provideri
1158 3546 1263 3627 possit

219 3648 262 3710 per
273 3637 399 3707 dominos
415 3643 599 3724 provisores
617 3645 737 3724 pariter
752 3659 782 3709 ct
797 3655 932 3725 patrem.
1115 3635 1116 3640 ’

248 3811 365 3896 Septimo.
386 3821 426 3886 Ut
451 3823 532 3886 duae
558 3821 621 3886 sint
644 3821 759 3887 domus
785 3823 993 3888 Standonicac
1015 3831 1047 3888 et
1068 3823 1242 3905 paedagogi

219 3907 323 4018 familiae
340 3922 438 4002 quoad
461 3919 766 3988 administrationem
790 3921 923 3999 divisae,
950 3938 1014 3986 non
1037 3923 1253 3998 subalternae,

220 4017 251 4070 ua
271 4019 297 4074 ut
317 4029 395 4095 pater
420 4027 514 4101 caput
540 4019 581 4084 sit
606 4019 741 4086 familiae
763 4037 845 4102 quae
871 4031 920 4086 est
944 4021 975 4084 in
999 4022 1105 4097 domo,
1137 4035 1253 4103 regens

222 4119 295 4188 caput
306 4113 428 4184 familiae
442 4135 524 4200 quae
544 4129 595 4184 est
608 4119 641 4196 in
657 4121 869 4201 paedagogio;
888 4129 984 4200 utque
999 4137 1114 4202 regens
1129 4121 1161 4183 io
1179 4138 1252 4202 pae-

225 4204 405 4296 dagogioeJ'us
421 4218 618 4283 auctoritatis
634 4219 686 4294 sit,
710 4217 802 4299 cujus
824 4219 856 4282 in
879 4219 950 4284 aliis
972 4219 1176 4301 paedagogiis
1193 4237 1253 4284 sun
