3252 4954
706 446 830 510 -559
855 480 892 492 -

249 625 279 689 si
304 624 377 706 quis
399 624 494 701 alius,
512 624 551 690 de
574 623 685 689 Bihliis
709 627 820 708 regiis,
839 645 923 709 quae
946 629 1042 711 vulgo
1071 637 1299 710 nuncupantur
1319 628 1350 696 ta

253 724 420 804 Potpplottc
439 723 599 800 d'Atttift’S,
617 741 712 805 quam
738 727 875 792 maxime
898 729 1043 802 meritus,
1063 739 1145 794 teste
1170 729 1345 796 Benedioto

249 821 327 886 Aria
349 822 510 898 llontano,
527 839 639 888 eorum
663 825 787 890 editore
809 835 841 890 et
856 837 1006 892 curatore
1030 828 1215 908 praecipue,
1233 828 1286 909 qui
1311 829 1344 892 in

253 922 353 986 altera
376 922 415 986 ad
440 922 592 986 lectorem
617 923 815 1002 praefatione
837 925 1037 989 luculentum
1061 927 1102 990 de
1123 925 1247 990 loanne
1271 915 1346 992 out-

252 1021 350 1086 lielmi
378 1021 493 1084 scribit
521 1021 740 1086 testimonium
766 1041 773 1086 :
801 1043 813 1080 u
836 1023 1008 1087 adhibitos
1031 1033 1092 1100 est,
1117 1024 1280 1104 inquiens,
1304 1024 1344 1088 ad

251 1135 322 1184 eam
340 1137 406 1184 rem
422 1120 584 1184 lohannes
601 1119 792 1194 llarlemius,
810 1137 925 1186 sacrae
946 1123 1128 1204 theologiae
1150 1123 1345 1200 licentiatus,

250 1219 396 1282 inomni
423 1219 603 1300 linguarum
631 1235 751 1300 genere
779 1221 1082 1296 exercitatissimus,
1101 1238 1213 1287 sacrae
1239 1221 1347 1304 Scrip-

251 1328 341 1382 torae
366 1328 398 1382 et
423 1318 593 1383 hebraicae
620 1319 750 1400 linguae
777 1319 860 1399 apud
889 1321 1106 1386 lovanienses
1131 1321 1163 1384 in
1187 1322 1348 1388 societate

247 1416 325 1482 lesu
344 1417 524 1496 professor.

294 1515 339 1580 lle
377 1513 501 1579 loaune
538 1524 651 1579 nostro
689 1513 824 1596 ejusque
861 1517 992 1597 scriptis
1029 1517 1131 1582 videri
1169 1527 1343 1598 possunt:

254 1615 287 1676 1ο
302 1614 335 1676 F.
354 1615 449 1690 Nsrc,
465 1631 518 1694 op.
533 1614 601 1689 cit..
617 1631 670 1696 pp.
684 1613 822 1678 att-att
838 1624 870 1679 el
886 1616 964 1690 37ος
982 1617 1017 1680 9⁰
1037 1618 1175 1681 Valerius
1186 1619 1342 1696 Andreas,

253 1715 341 1778 Fasti
363 1715 541 1782 academici.
566 1715 618 1778 ed.
646 1714 738 1784 1650,
764 1735 782 1794 p
819 1715 896 1789 785;
925 1716 957 1776 3⁰
983 1717 1128 1791 Ferreus,
1157 1717 1345 1782 Bibliotheca

251 1812 377 1893 belpicu,
396 1813 435 1887 ll,
452 1831 481 1893 p.
500 1812 578 1887 653;
596 1812 677 1878 914ο
696 1815 739 1876 lle
753 1815 880 1888 Baeton,
901 1815 1108 1898 Bibliothdque
1123 1816 1175 1878 des
1190 1817 1344 1880 doriooins
1383 1841 1386 1856 ·

251 1911 289 1974 de
304 1912 334 1974 tu
350 1914 537 1993 Gompcqnie
552 1913 588 1975 tic
602 1912 704 1984 itaut,
723 1913 774 1977 ed.
799 1915 904 1979 in-fol.
931 1915 1027 1996 Lidge
1041 1913 1141 1998 5877,
1159 1913 1206 1990 ll,
1223 1915 1286 1980 col.
1303 1914 1344 1979 48

253 2009 351 2074 ct49.

295 2131 309 2166 1
328 2109 446 2173 tltaudc
461 2110 610 2190 Verrydt,
629 2109 799 2175 fondateor
814 2111 855 2175 du
872 2111 999 2193 college
1014 2113 1054 2176 de
1070 2111 1214 2186 Melinos,
1229 2129 1245 2176 a
1262 2111 1344 2177 ecrit

251 2209 291 2274 dc
317 2225 352 2274 sa
380 2209 464 2272 main
492 2225 550 2273 sur
572 2227 613 2273 un
640 2211 836 2290 exemplaire
859 2212 900 2277 de
923 2213 952 2274 la
981 2213 1083 2276 Tertio
1108 2231 1182 2294 pars
1205 2228 1344 2276 sammaa

251 2307 435 2387 theolcpicoe
449 2307 483 2372 S.
503 2307 636 2372 rhomae
651 2309 813 2389 aquinatis
829 2307 890 2386 led.
909 2307 1065 2374 d’tlnvers
1081 2309 1121 2374 de
1135 2309 1223 2387 1575)
1243 2327 1250 2371 :
1275 2331 1288 2369 u
1306 2309 1343 2373 ln

251 2407 313 2471 hoc
325 2407 488 2471 volumine
501 2407 531 2468 in
545 2407 655 2472 charta
669 2417 744 2471 sunt
756 2408 875 2489 scripta
890 2407 1343 2474 commentariall.P.loannis
1458 2401 1466 2414 '

251 2505 416 2581 llarlemii,
445 2505 622 2586 presbyteri
654 2505 824 2571 Societntis
850 2506 938 2582 lesu,
970 2507 1111 2588 (lovanii
1139 2524 1223 2571 anno
1251 2505 1342 2588 1573)

249 2621 348 2684 super
364 2603 488 2669 tertiam
510 2613 631 2686 partem
648 2607 685 2669 D.
703 2605 852 2671 Thomae.
873 2606 933 2670 Sed
959 2607 1165 2688 praecipuum
1188 2616 1219 2670 et
1236 2615 1339 2672 totum

247 2709 418 2767 tractatum
448 2703 488 2767 de
518 2703 730 2768 sacramentis
753 2705 858 2785 quoad
888 2721 990 2786 usque
1013 2705 1154 2780 dictavit,
1178 2705 1279 2768 hahes
1306 2704 1338 2768 in

251 2799 381 2882 scriptis
407 2801 471 2866 tuis
496 2799 529 2864 ln
553 2801 641 2866 folio.
666 2802 704 2865 lt.
725 2801 759 2865 P.
775 2803 918 2868 loannes
942 2803 1123 2868 llarlcmius
1150 2802 1229 2868 obiit
1255 2817 1339 2867 anno

249 2899 341 2974 1578,
367 2900 398 2962 in
425 2899 564 2975 octobri,
591 2910 699 2965 rector
725 2902 851 2982 collegii
881 2903 1141 2984 presbyterorum
1169 2899 1339 2966 societatis

245 2999 321 3063 lesu
345 2998 506 3080 contagio,
524 3015 597 3064 cuni
620 3007 709 3064 esset
735 3001 918 3066 licentiatus
943 3000 1134 3081 theologiae,
1153 2999 1339 3080 priusquam

247 3096 364 3160 dictam
390 3097 582 3162 Societatem
610 3099 847 3180 ingrederetur.
870 3098 926 3164 Cui
949 3110 992 3176 et,
1011 3109 1158 3180 tanquam
1186 3109 1338 3164 executor

246 3196 439 3272 testamenti,
469 3196 585 3260 tradidi
613 3199 711 3262 multa
739 3199 933 3279 exemplaria
961 3199 1178 3279 manuscripta
1204 3199 1236 3262 in
1268 3214 1339 3278 per·

245 3311 380 3377 gameno
410 3313 449 3360 ex
474 3304 668 3362 testamento
695 3296 836 3380 llagistri
865 3299 967 3362 nostri
994 3297 1165 3378 Augustini
1192 3295 1337 3362 ttunnaci

241 3393 381 3474 collegio
397 3394 570 3460 societatis
585 3393 661 3458 iesu
678 3395 794 3478 legata.
813 3422 827 3449 a
848 3397 893 3460 lta
911 3397 1041 3468 Piouor.

287 3563 317 3624 7.
343 3560 459 3624 Parrus
487 3561 610 3626 Plenius
639 3582 656 3624 a
683 3563 815 3636 Sunuci,
844 3563 1024 3630 Schotanus
1051 3563 1157 3638 Fris0‚
1186 3561 1338 3628 cathedra

242 3675 359 3740 graeca
381 3661 519 3724 donatus
543 3661 977 3743 conformationemque
999 3663 1115 3728 doctor
1136 3661 1338 3727 renuntiatus

244 3757 303 3822 fuit
319 3759 358 3822 19
370 3759 514 3824 octobris
529 3760 621 3838 1578,
636 3770 736 3826 artem
753 3763 848 3828 etiam
865 3762 996 3827 tradidit
1012 3762 1180 3836 medicant,
1195 3757 1336 3850 Cornelii

244 3853 395 3922 Gemmas
411 3875 601 3924 successor.
1316 3853 1318 3862 ⁴

286 3955 451 4021 Falluntur
472 3958 618 4024 Valerius
640 3961 785 4026 Andreas
802 3960 849 4042 (in
866 3961 1016 4025 Exordiis
1031 3957 1149 4040 colteqii
1164 3955 1335 4038 trilinpuis,

244 4073 298 4138 pp.
316 4056 367 4132 71,
385 4063 417 4122 et
442 4056 474 4118 in
490 4057 606 4137 Fastis,
627 4076 657 4140 p.
676 4057 736 4122 237
763 4067 795 4123 et
822 4058 891 4138 285)
907 4075 1046 4140 eumque
1072 4055 1175 4122 secuti
1203 4059 1334 4144 Paquol,

244 4155 305 4218 But
328 4165 359 4219 et
381 4153 416 4218 F.
439 4155 524 4219 Nltvc
547 4160 611 4239 lop.
636 4159 706 4233 cit.,
731 4175 761 4238 p.
786 4157 867 4236 7181,
885 4159 961 4222 dum
985 4155 1145 4224 affirmant
1168 4156 1337 4240 Petrump

243 4255 381 4336 Smenga
402 4270 468 4321 non
494 4255 555 4320 nisi
578 4265 653 4322 octo
674 4257 767 4321 annis
790 4257 892 4322 fuisse
919 4257 1136 4336 professorem
1162 4252 1333 4321 hebraicae
