3202 4948
735 488 920 552 -aao-

280 669 322 734 de
344 669 460 735 officiis
487 687 544 736 seu
573 670 704 734 casibus
731 667 962 742 conscientiae,
980 675 1014 731 ut
1036 664 1207 746 appellant,
1230 664 1314 729 inter
1336 681 1374 732 se

282 769 417 850 agebant
433 779 464 834 et
479 769 676 834 conferendo
692 769 873 834 discebant.

325 868 493 933 solemnes
519 869 613 932 ctiam
640 868 740 933 certis
768 883 825 948 per
851 881 970 930 annum
995 864 1109 928 diebus
1135 863 1372 942 disputationes

282 967 504 1042 instituebant,
536 977 568 1031 et
607 968 716 1032 tbeses
759 983 816 1034 seu
858 964 1098 1047 propositiones
1136 961 1372 1043 proponebant,

282 1082 402 1146 eaeque
419 1083 532 1147 magna
548 1067 725 1148 frequentia
741 1067 913 1130 doctorum
932 1075 964 1129 et
978 1062 1180 1128 academicae
1193 1059 1372 1141 juventutis

283 1164 539 1230 celebrabantur.

324 1263 395 1327 Fuit
407 1273 438 1328 et
453 1264 530 1328 olim
544 1263 670 1344 publica
688 1281 749 1328 una
763 1263 1002 1344 scripturarum
1020 1259 1205 1340 praelectio,
1222 1257 1260 1322 ad
1277 1273 1371 1338 uuam

209 1439 212 1444 ¹
283 1379 322 1426 ex
344 1372 408 1426 tota
433 1363 602 1427 academia
626 1379 806 1428 concursus
831 1373 910 1428 erat.
938 1361 1065 1432 Verum,
1088 1375 1161 1424 eum
1185 1375 1201 1421 a
1226 1355 1373 1438 patribus

284 1459 379 1540 buius
395 1461 543 1526 coenubii
559 1462 762 1526 academicus
778 1471 910 1526 senatus
928 1461 1136 1542 postulasset,
1156 1467 1189 1522 ut
1211 1473 1274 1520 non
1298 1453 1371 1517 aliis

285 1576 322 1625 ea
338 1561 449 1625 subola
467 1570 599 1641 pateret,
615 1562 659 1625 illi
677 1579 733 1642 pro
751 1561 907 1626 modestia
920 1577 978 1626 sua
995 1566 1180 1640 paruerunt,
1194 1565 1225 1620 et
1241 1555 1370 1620 domes·

285 1657 367 1722 ticos
383 1659 465 1724 intra
490 1660 626 1740 parietes
643 1661 827 1741 religiosam
848 1659 1047 1739 juventutem
1064 1672 1156 1720 suam
1172 1655 1371 1726 docuerunt;

284 1773 345 1822 nec
360 1758 453 1822 aliter
468 1759 542 1822 dein
559 1759 891 1840 leceruntlleligiosi,
903 1758 955 1838 qui
972 1756 1010 1820 ad
1028 1757 1090 1820 ltoc
1107 1753 1248 1819 studium
1265 1751 1370 1816 mitte.

284 1854 411 1930 bantur,
428 1874 526 1935 supra
542 1859 751 1939 quadraginta
767 1874 896 1938 semper
911 1873 986 1922 esse
1002 1854 1161 1922 solebant.

327 1954 588 2036 philosophicum
619 1957 772 2029 studium,
803 1957 887 2038 quod
919 1955 1094 2036 aliquando.
1122 1950 1369 2018 celeberrimum

285 2050 337 2114 bic
362 2069 489 2132 qnoque
514 2055 583 2132 luit,
612 2055 686 2118 binc
712 2055 775 2120 alio
798 2054 986 2118 translatum
1007 2063 1069 2128 est,
1097 2051 1182 2132 quod
1205 2059 1237 2114 et
1265 2059 1371 2112 tantae

285 2149 504 2216 studiosorum
528 2153 741 2218 multitudinis
762 2169 862 2234 capax
878 2153 994 2218 domus
1018 2167 1080 2215 non
1097 2157 1196 2222 esset,
1213 2157 1244 2211 et
1266 2146 1370 2222 victus

284 2247 470 2314 difficultate
486 2251 679 2316 laborarent.

328 2347 427 2412 Porro
450 2357 567 2429 quanta
584 2359 671 2414 essct
697 2351 794 2416 studii
825 2349 921 2432 liujus
947 2348 1130 2424 celebritas,
1148 2346 1368 2426 professorum

285 2443 355 2524 ejus
369 2445 471 2527 gloria
488 2456 555 2513 toto
572 2457 729 2514 terrarum
745 2449 825 2514 orbe
840 2449 1019 2524 decantata,
1036 2463 1117 2530 quae
1133 2442 1312 2509 sanctitatis
1328 2458 1370 2506 an

286 2543 450 2610 doctrinae
466 2547 617 2628 opinione
634 2548 734 2628 major
750 2548 804 2624 sit,
818 2547 891 2629 jure
906 2547 1047 2612 dubites.
1068 2545 1237 2610 Doctrinae
1257 2539 1372 2606 lunda-

283 2653 428 2716 mentum
446 2647 570 2710 unicam
596 2647 756 2726 ponebant
778 2649 945 2726 pietatem;
970 2655 1001 2710 et
1017 2646 1094 2720 lere,
1112 2643 1167 2724 qui
1190 2640 1372 2707 eruditione

286 2740 339 2806 ltic
363 2743 593 2820 excelluerunt,
620 2745 702 2810 vitae
731 2745 914 2826 integritate
939 2745 1034 2808 simul
1057 2744 1253 2808 claruerunt.
1281 2737 1371 2802 ilanc

286 2839 365 2912 beo,
383 2840 469 2905 illam
485 2843 555 2907 orbi
571 2844 705 2908 victuris
730 2854 892 2909 aeternam
910 2843 1125 2908 monumentis
1141 2841 1368 2922 probaverunt.

287 2938 344 3003 llle
357 2939 421 3019 jam
439 2942 522 3006 inter
546 2943 637 3008 divos
654 2945 844 3008 Franciscus
860 2944 1089 3018 Titelmannus,
1108 2943 1293 3022 priusquam
1309 2937 1368 3002 sub

286 3036 370 3101 vitae
385 3055 535 3104 occasum
552 3041 786 3121 Capuoinorum
803 3042 982 3106 institutum
1007 3039 1222 3122 profiteretur,
1239 3037 1292 3101 bic
1306 3035 1372 3100 cla-

288 3136 364 3209 ruit,
395 3137 517 3215 docuit,
548 3142 691 3220 scripsit.
723 3141 780 3204 llle
809 3142 894 3204 inter
924 3140 1091 3220 theologos
1124 3139 1202 3202 clari
1232 3133 1372 3200 nominis

286 3234 429 3300 ridemus
444 3237 631 3313 Sasboldus,
649 3239 689 3304 de
705 3238 869 3319 republica
889 3238 1063 3303 christiana
1085 3238 1208 3317 optime
1224 3233 1369 3310 meritus,

289 3334 396 3398 multis
423 3337 515 3400 annis
539 3338 730 3418 theologiam
758 3338 811 3401 bic
835 3337 1002 3417 professus
1028 3346 1094 3408 est:
1123 3352 1216 3418 quem
1244 3332 1371 3415 quando

288 3447 376 3496 mors
393 3434 518 3514 triginta
532 3452 589 3500 sex
604 3437 733 3500 vixdum
747 3453 849 3500 annos
865 3446 972 3501 natum
987 3435 1129 3512 abstulit,
1147 3445 1235 3500 certe
1251 3431 1370 3496 mundo

286 3531 411 3596 invidit.
429 3531 487 3598 llle
501 3534 661 3598 Adrianus
677 3535 863 3600 llolstadius
878 3539 1000 3615 (liquo
1017 3550 1182 3598 sacrarum
1196 3534 1372 3598 ulterarnm

287 3637 320 3694 et
349 3631 518 3696 universae
547 3631 710 3696 Ecclesiae
744 3633 910 3697 doctrinae
943 3632 1077 3713 peritior
1107 3632 1158 3696 vix
1189 3631 1273 3696 ullus
1301 3629 1370 3704 luit,

287 3727 482 3809 scripturam
496 3746 620 3794 sacram
633 3731 685 3794 bic
700 3732 891 3811 longissimo
904 3748 1032 3812 quoque
1045 3741 1189 3810 tempore
1205 3737 1237 3794 et
1248 3743 1372 3792 summa

279 3843 361 3891 curu
383 3828 477 3894 laude
500 3839 549 3894 est
572 3830 811 3910 interpretatus.
827 3831 897 3894 Non
914 3831 1040 3912 ignorat
1054 3829 1237 3904 Academia,
1255 3834 1372 3908 quanta

325 4039 359 4112 (l)
371 4041 444 4095 Dans
459 4044 498 4096 les
511 4043 583 4097 deux
598 4043 716 4098 editions
729 4045 763 4098 de
783 4045 952 4098 l’Academia
965 4045 1158 4110 Lemniensis,
1170 4059 1205 4097 on
1219 4060 1235 4095 a
1249 4041 1376 4112 imprime

287 4130 462 4187 erronament
487 4135 615 4188 neamus
640 4135 838 4188 Hoeobaladius
863 4151 898 4188 au
923 4134 978 4187 lieu
1002 4135 1175 4188 dilala-ianus
1198 4133 1373 4198 Hosatadlua.

290 4221 367 4276 Nous
380 4223 561 4278 retablissons
575 4225 601 4278 la
614 4233 686 4280 texte
699 4227 737 4279 tel
751 4223 819 4297 qu’il
833 4225 891 4279 doit
904 4229 971 4280 cire.
