3158 4952
633 465 817 530 -329-

218 649 369 713 Preterea
393 647 545 712 dominus
563 664 680 729 regens
703 645 830 711 addicet
853 647 992 711 facultati
1016 663 1053 712 se
1068 648 1270 714 laudabiliter

176 747 353 830 regentiam
373 763 467 810 suam
482 747 745 810 continuaturum
769 746 829 809 sub
845 761 945 810 onere
960 757 992 810 et
1007 746 1098 811 lucro
1114 765 1185 817 sno.
1203 748 1269 813 lec-

178 847 283 911 tiones
298 856 330 910 et
347 846 471 926 reliqua
487 844 639 910 exercitia
663 845 695 906 in
713 844 891 926 pedagogio
907 844 976 909 fieri
992 855 1146 910 consueta
1170 847 1268 912 inter·

178 943 337 1019 mnendo,
361 943 453 1008 etad
477 942 539 1007 boc
560 944 735 1024 magistros
756 942 892 1007 idoneos
918 953 949 1007 et
976 945 1179 1008 necessarios
1205 945 1268 1009 sibi

177 1044 351 1109 servando.

218 1142 257 1206 Et
273 1142 358 1223 quod
375 1141 414 1205 ad
433 1139 573 1221 predicta
597 1140 705 1205 omnia
727 1149 759 1206 et
781 1141 906 1222 singula
930 1151 1039 1222 partes
1063 1142 1212 1207 hincinde
1234 1160 1271 1207 se

177 1242 381 1322 obligabunt,
394 1248 425 1304 et
437 1239 522 1321 quod
536 1239 753 1304 inscribentur
765 1240 904 1320 registro
916 1239 1037 1320 jnrium
1050 1251 1161 1306 nostre
1174 1241 1270 1306 lacul-

177 1340 253 1405 tatis
277 1355 336 1420 pro
359 1349 512 1419 perpetua
534 1339 580 1402 rei
612 1339 808 1403 memorial
843 1340 933 1414 lert,
964 1340 1029 1414 Vll,
1053 1340 1108 1405 fol.
1143 1340 1202 1404 186
1224 1349 1270 1403 r0-

180 1439 239 1502 187
255 1449 301 1502 m.

221 1573 281 1635 Die
302 1569 429 1642 sabboti,
452 1567 554 1648 cxviij
574 1571 689 1631 mertsls
703 1569 777 1649 julli
796 1569 888 1641 tata,
913 1570 1031 1634 indicta
1054 1571 1112 1635 fuit
1133 1588 1269 1653 congre-

180 1671 268 1752 gatio
288 1667 448 1732 facultatis
463 1666 579 1730 artium
601 1667 633 1729 in
649 1667 771 1731 scholis
786 1669 969 1732 artistarum
993 1669 1161 1734 adituram
1184 1671 1270 1735 deci-

181 1785 277 1831 mam.
298 1767 453 1831 Dominus
477 1766 619 1830 decanus
642 1766 771 1832 nomine
796 1767 957 1848 quondam
981 1769 1120 1850 regentis
1143 1769 1176 1832 in
1199 1769 1269 1833 Fal-

178 1885 275 1939 cone,
301 1866 445 1948 magistri
470 1865 552 1929 Petri
577 1865 716 1930 Montani
740 1882 757 1928 a
782 1867 939 1942 Perweto,
962 1867 1164 1948 supplicavit,
1181 1868 1268 1948 quud

179 1967 301 2034 domini
319 1967 419 2031 velint
442 1983 514 2029 eum
538 1982 610 2030 cum
635 1966 790 2030 moderno
807 1977 937 2047 regente
959 1969 1196 2032 continuarem
1218 1986 1269 2034 re-

177 2067 287 2150 gentia
302 2077 334 2131 et
349 2065 488 2146 lugentia
514 2082 615 2145 usque
632 2064 670 2127 ad
687 2066 804 2129 festum
829 2067 967 2130 Batonis
983 2068 1137 2147 proxime.
1156 2067 1194 2131 Et
1208 2069 1267 2132 do·

180 2165 258 2228 mini
275 2165 474 2229 admiserunt
489 2163 627 2227 eundem
647 2163 735 2242 iuxta
753 2164 937 2242 petitionem
954 2165 1074 2229 domini
1091 2167 1215 2230 decani.
1235 2171 1271 2230 Et
1301 2209 1305 2220 .

178 2265 229 2328 sic
260 2281 318 2344 per
347 2263 453 2326 omnia
483 2251 643 2326 conclusit
671 2263 822 2328 dominus
851 2265 1038 2328 decanus.»
1069 2267 1167 2339 ilum,
1194 2265 1268 2340 Vll,

179 2363 237 2428 fol.
255 2361 316 2425 188
333 2373 372 2424 t·⁰.

220 2496 304 2558 XVI.
328 2496 514 2559 Gutttauuus
539 2494 727 2568 Evunrcnrs,
745 2512 783 2559 cx
800 2496 906 2577 Velpia
922 2497 972 2576 (1),
995 2497 1080 2562 Petri
1106 2497 1203 2573 lilius,
1228 2499 1268 2560 ad

177 2595 354 2660 concilium
383 2594 543 2658 facultatis
568 2593 683 2656 artium
710 2594 872 2659 admissus
901 2595 915 2657 1
939 2595 1020 2676 junii
1047 2595 1146 2670 1531,
1177 2606 1210 2660 et
1235 2605 1269 2660 ut

179 2710 298 2774 regens
316 2692 463 2756 Falconis
479 2691 518 2753 81
531 2691 601 2772 julii
619 2691 715 2763 1113ς
733 2701 937 2774 coregentem
954 2693 1063 2758 habuit
1080 2693 1269 2773 praedeces-

179 2809 289 2856 sorem
305 2807 399 2855 suum
417 2807 519 2870 usque
534 2792 573 2852 ad
588 2791 640 2851 1ιιιι
653 2790 796 2854 octobris
811 2792 954 2872 ejusdem
971 2792 1056 2856 anni.
1071 2791 1193 2857 Eodem
1205 2793 1268 2856 hoc

179 2891 376 2964 3111101513,
394 2891 447 2954 die
469 2889 508 2952 81
524 2889 730 2970 septembris,
748 2892 879 2970 proprio
901 2893 1072 2956 commodo
1096 2890 1174 2956 emit
1195 2889 1268 2954 fun-

177 2993 268 3064 dum.
285 2991 337 3054 ubi
350 2991 524 3054 etiamnum
538 2989 659 3053 nostris
672 2990 786 3054 diebus
799 3009 816 3055 e
829 2993 961 3072 regione
973 2993 1099 3072 collegii
1115 2991 1263 3071 Bajorum

178 3088 369 3170 paedagogii
384 3087 479 3168 liujus
493 3087 638 3152 aedificia
650 3089 912 3168 conspiciuntur;
929 3107 1036 3170 ouem,
1052 3089 1214 3154 utineam
1229 3105 1268 3153 ex

177 3187 284 3252 veteri
309 3187 446 3250 Falcone
470 3203 527 3250 seu
551 3185 674 3250 Cacabo
698 3187 928 3268 paedagogium
952 3205 1046 3252 suum
1068 3188 1269 3252 commodius

177 3286 355 3350 transferre
369 3296 490 3364 posset,
504 3285 590 3348 auxit
603 3285 763 3359 aedilicio,
773 3285 804 3348 in
817 3304 880 3366 quo
893 3287 1098 3351 refectorium
1111 3297 1143 3351 et
1155 3285 1266 3351 schola

178 3386 322 3466 physica.
347 3387 440 3448 Anno
463 3383 554 3458 1516,
579 3384 615 3446 81
640 3385 795 3461 octobris,
821 3386 995 3466 regentium
1027 3386 1211 3466 resignavit,
1236 3395 1269 3450 et

178 3484 219 3546 85
233 3483 381 3565 ejusdem
398 3483 531 3556 mensis,
550 3484 779 3565 paedagogium
796 3483 945 3548 Falconis
968 3484 1109 3548 facultati
1125 3483 1269 3548 vendidit

178 3581 433 3656 conditionibus,
450 3582 580 3662 quaein
599 3581 847 3663 congregatione
864 3582 1022 3646 facultatis
1044 3582 1107 3647 diei
1123 3582 1270 3647 880110-

179 3683 247 3746 bris
264 3681 492 3762 praecedentis
508 3680 703 3761 approbatae
719 3683 856 3746 fuerant.

221 3781 266 3843 En
283 3790 434 3860 excerpta
456 3796 495 3843 ex
509 3780 598 3842 Actia
618 3779 777 3844 facultatis
792 3780 920 3854 artium,
936 3797 1020 3862 quac
1038 3781 1077 3846 ad
1094 3782 1177 3847 hanc
1199 3796 1267 3846 rem

179 3881 341 3960 pertinent
359 3897 366 3942 :

224 4015 276 4077 fiir
291 4015 414 4086 mortis,
432 4011 540 4075 ultima
554 4013 668 4076 mensis
682 4013 862 4093 septembris
877 4013 970 4088 tall,
986 4014 1025 4078 ad
1050 4015 1162 4079 horam
1180 4013 1269 4079 deci-

180 4129 261 4177 mam
285 4113 327 4177 de
343 4128 450 4188 mane,
468 4111 586 4176 indicta
605 4113 663 4176 fuit
684 4113 891 4194 congregatio
914 4113 1074 4178 facultatis
1096 4114 1212 4179 artium
1236 4114 1268 4176 in

216 4334 223 4394 1
230 4329 253 4396 fl
279 4331 385 4394 Velpia,
404 4327 519 4398 opretp
536 4325 642 4382 viculus
656 4326 807 4380 Luranium
822 4327 894 4382 inter
907 4333 934 4382 et
946 4328 1056 4384 Thenas
1069 4329 1149 4388 silus.
