3248 4954
815 482 874 544 ru
896 517 937 526 -

302 661 465 725 dominnm
493 669 523 724 et
550 660 735 741 magistrum
764 659 924 724 Victorem
952 660 992 725 de
1017 660 1162 741 Slingere
1191 667 1331 740 emplum
1357 669 1390 724 et

301 759 492 841 acquisitum
509 775 606 840 snpra
623 759 740 822 dictam
755 758 916 823 civitatem
929 761 1206 840 antverpiensem,
1220 756 1388 823 cedentem

301 859 394 921 annis
426 858 574 938 siugulis,
607 857 742 921 durante
775 857 838 919 vita
868 856 943 920 dicti
974 857 1094 921 domiui
1126 857 1388 938 transportantis,

301 955 461 1020 mediatim
478 957 510 1017 i·
526 956 636 1036 aprilis
653 965 685 1020 et
701 957 733 1016 7·
747 941 907 1029 octobris,
918 955 962 1018 nti
978 965 1128 1021 constare
1144 957 1219 1020 licet
1234 973 1271 1020 ex
1288 956 1390 1020 literis

300 1055 385 1120 dicte
408 1055 545 1120 civitatis
568 1056 710 1136 desuper
732 1055 944 1119 existentibus
968 1065 998 1118 ct
1014 1055 1119 1136 sigillo
1143 1056 1229 1120 dicte
1251 1055 1391 1119 civitatis

302 1153 432 1218 munitis
448 1162 479 1218 et
498 1171 554 1234 per
570 1153 689 1218 dictum
707 1153 746 1217 de
763 1154 845 1234 Moy,
864 1153 1086 1227 secretarium,
1105 1153 1240 1236 signatis
1263 1164 1294 1218 et
1311 1153 1389 1218 sob-

300 1251 430 1333 scriptis
446 1253 478 1316 in
495 1253 566 1316 data
584 1251 717 1333 septima
734 1251 877 1315 octobris
893 1251 968 1314 anni
986 1250 1077 1313 1567.

341 1351 378 1414 Et
408 1351 542 1416 ulterius
572 1351 604 1414 in
640 1351 871 1430 premissorum
904 1350 1056 1431 majorem
1089 1349 1389 1414 corroborationem

300 1448 405 1514 dictus
428 1449 576 1515 dominus
600 1459 633 1514 et
656 1449 807 1530 magister
822 1449 941 1522 Victor,
961 1449 1055 1513 modo
1079 1458 1110 1514 et
1134 1449 1247 1524 forma,
1272 1447 1390 1529 quibus

300 1547 1389 1627 potuitetdebuit,melioribuslecit,constitnit,creavit,nominarit

299 1656 330 1710 ct
346 1645 534 1712 solemniter
549 1647 710 1711 ordinavit
723 1663 801 1711 suos
817 1663 912 1710 veros
925 1657 955 1710 et
971 1645 1132 1727 legitimos
1148 1653 1388 1726 procuratores,

298 1755 426 1810 actores
442 1755 474 1810 et
492 1746 641 1816 lectores,
661 1746 925 1827 negotiorumque
952 1761 1085 1810 snorum
1110 1746 1387 1827 infrascriptarum

297 1855 446 1924 gestares
461 1861 498 1908 ao
522 1845 653 1910 nuntios
669 1844 827 1924 speciales
850 1855 882 1908 et
897 1845 1065 1924 generales
1088 1859 1126 1909 ac
1147 1845 1387 1918 irrevocabiles,

298 1943 447 2007 videlicet
477 1944 629 2024 providos
667 1943 755 2007 viros
785 1945 957 2023 magistros
992 1943 1198 2008 l'redericurn
1228 1943 1293 2006 Van
1324 1945 1387 2008 den

299 2039 452 2118 bruenio,
467 2043 635 2124 utriusque
647 2043 730 2123 juris
746 2043 1026 2114 bacchalaureum,
1041 2042 1245 2123 Rudulpbum
1261 2041 1386 2106 llartini

297 2141 338 2203 de
350 2139 825 2216 Westerhoeven,Wilhelmum
840 2141 1105 2215 Vosllichablem
1116 2141 1180 2205 Van
1190 2142 1387 2222 derlleyden

300 2249 331 2302 et
360 2239 544 2304 Cornelium
578 2239 736 2312 Testacrt,
768 2239 919 2304 absentes
953 2249 1112 2322 tamquam
1145 2249 1324 2322 presentes,
1355 2249 1389 2305 et

295 2353 410 2402 eorum
427 2339 602 2419 quemlibet
619 2339 648 2401 in
666 2339 816 2415 solidum,
835 2339 873 2402 ad
896 2339 999 2420 ipsius
1014 2339 1135 2404 domini
1157 2339 1388 2404 constituentis

298 2437 430 2500 nomine
453 2445 485 2501 ct
508 2455 566 2517 pro
589 2453 759 2502 eororam
783 2437 926 2502 scabinis
949 2438 1204 2502 lovaniensibus
1228 2453 1285 2503 seu
1309 2437 1385 2501 bnt·

296 2535 523 2615 verpiensibus
550 2535 599 2600 vel
627 2537 713 2610 alibi,
742 2536 797 2626 obi
824 2554 906 2618 opus
937 2537 1043 2610 luerit,
1071 2537 1323 2618 comparendum
1349 2551 1388 2600 ac

298 2633 415 2698 ibidem
443 2634 560 2698 dictam
586 2635 792 2700 donationem
824 2654 882 2701 scu
909 2645 1127 2716 transportum
1156 2635 1263 2700 debite
1291 2652 1388 2700 reno-

295 2733 434 2796 vandum
458 2749 495 2796 ac
514 2733 742 2808 reiterandum,
761 2735 913 2798 adhibitis
936 2733 1196 2798 solemnitatibus
1219 2735 1251 2796 in
1267 2733 1385 2798 talibus

294 2829 439 2895 adbiberi
457 2831 563 2896 solitis
580 2841 611 2896 et
627 2834 804 2908 consuetis,
822 2849 895 2898 cum
916 2842 1073 2913 potestate
1089 2849 1186 2897 unum
1209 2834 1261 2898 vel
1277 2833 1388 2914 plores

295 2940 525 3006 procuratores
542 2931 771 3007 substituendi,
789 2933 944 2997 clausulis
961 2932 1195 2996 ratihabitionis
1220 2942 1251 2996 et
1268 2931 1388 2996 releva-

297 3027 407 3090 tionis
535 3036 540 3044 '

341 3127 384 3191 be
400 3137 430 3192 et
446 3146 545 3208 super
568 3130 684 3210 quibus
700 3130 850 3194 omnibus
874 3139 905 3194 et
928 3129 1064 3211 singulis
1089 3130 1257 3208 premissis
1280 3129 1386 3192 dictus

294 3225 447 3290 dominus
463 3225 571 3292 Victor
594 3229 653 3292 sibi
671 3237 702 3292 et
718 3230 803 3293 dicto
826 3228 956 3293 domino
973 3228 1132 3309 provisori
1159 3245 1175 3290 a
1194 3243 1243 3291 me
1260 3229 1387 3292 notario

296 3325 425 3405 publico
438 3327 622 3406 subscripto
637 3345 733 3391 orrum
751 3329 800 3392 vel
818 3328 907 3408 plura
922 3327 1085 3406 publicum
1099 3344 1155 3391 sen
1174 3326 1299 3406 publica
1318 3327 1387 3390 heri

295 3425 385 3504 petiit
401 3425 516 3489 confici
535 3427 761 3490 instrumenta.

338 3526 414 3587 heta
431 3535 507 3588 sunt
523 3526 582 3590 hec
598 3525 738 3599 Lovanii,
754 3525 993 3589 blechllniensis
1010 3525 1181 3599 dioecesis,
1199 3524 1230 3586 in
1247 3523 1387 3604 collegio

296 3621 469 3699 pontilicis,
501 3624 533 3686 in
563 3624 712 3688 cubiculo
742 3625 818 3688 dicti
848 3623 969 3688 domini
1000 3633 1030 3688 et
1064 3623 1205 3704 magistri
1239 3623 1279 3686 de
1307 3623 1384 3701 Bar.

292 3717 439 3798 ejusdem
474 3722 601 3803 collegii
639 3723 789 3802 presidis,
821 3723 881 3786 sub
910 3737 1006 3795 annu,
1039 3723 1226 3786 indictione.
1260 3738 1385 3796 mense,

293 3815 348 3881 die
376 3827 407 3882 et
438 3820 621 3897 pontificatu
654 3821 857 3900 subscriptis,
890 3820 1094 3900 presentibus
1124 3820 1323 3885 honorandis
1353 3828 1387 3884 et

295 3917 443 3982 honestis
466 3919 544 3983 viris
569 3921 730 4000 magistris
755 3921 896 3984 Huberto
915 3919 1038 3994 llcrlio‚
1057 3920 1254 3996 Buxiniensi‚
1272 3929 1303 3983 et
1325 3917 1387 3982 lio

295 4015 388 4080 berto
404 4017 491 4093 llies,
509 4019 681 4093 Thenensi,
696 4019 824 4084 cericis
839 4018 1083 4084 Cameracensis
1099 4027 1130 4082 et
1145 4017 1386 4083 blechliniensis

296 4117 476 4196 respective
498 4117 695 4184 dioecesium
720 4129 751 4184 ct
767 4119 882 4184 artium
906 4119 1079 4199 magistris,
1098 4119 1234 4183 testibus
1257 4118 1295 4182 ad
1313 4133 1387 4198 pre·

297 4213 396 4279 missa
412 4218 534 4282 vocatis
551 4217 735 4298 specialiter
750 4227 845 4300 atquc
861 4219 992 4300 rogatis.
