3032 4952
673 401 835 462 „pr-

257 577 448 659 »imprimis
469 579 553 659 quod
575 579 723 644 dominus
744 579 924 650 licentiatus
950 580 1101 661 magister
1125 579 1284 646 lohannes

215 677 287 740 laet
312 676 545 740 administrabit
570 677 741 756 negantiam
769 677 843 742 dicti
874 677 1057 760 paedagogii
1085 694 1142 758 per
1171 695 1206 743 se
1234 681 1284 743 vel

212 774 435 855 subregeutem
451 790 542 838 suurn
559 791 660 854 usque
674 773 712 838 ad
731 775 845 839 iastum
868 776 930 839 divi
954 776 1089 841 bavonis
1106 776 1283 856 proximum

212 873 383 946 exclusive,
401 882 432 937 et
454 889 492 937 ex
509 889 591 936 nuno
605 882 699 952 prout
714 890 751 938 ex
773 882 849 938 tuuc
863 874 991 938 dimittit
1014 883 1045 940 et
1059 874 1194 939 dimittet
1209 891 1284 940 ean-

211 971 282 1036 dem
303 973 477 1053 regentiam
496 987 575 1052 pure
596 981 628 1036 et
651 971 761 1046 libere,
784 973 932 1053 dabitque
955 984 1029 1036 tuno
1051 973 1156 1038 locum
1179 974 1283 1038 iuturo

211 1071 411 1143 suceessori;
429 1079 461 1134 et
482 1070 620 1144 interim,
648 1070 730 1135 dicta
757 1087 812 1135 sua
838 1071 1113 1136 administratione
1138 1072 1280 1146 durante,

210 1170 334 1235 curabit
355 1186 544 1250 promovero
567 1169 731 1234 utilitatem
754 1177 785 1234 et
810 1170 964 1236 honorem
986 1170 1062 1235 dicti
1085 1170 1281 1253 paedagogii,

210 1271 257 1333 sie
278 1269 361 1350 quod
383 1285 419 1332 ea
439 1268 479 1332 de
501 1284 535 1332 re
551 1267 668 1331 nullam
684 1267 769 1332 dabit
782 1268 887 1348 iustae
902 1269 1050 1350 querelae
1065 1269 1278 1334 occasionem.

208 1369 246 1432 lit
261 1368 301 1432 de
316 1366 505 1447 supellectili
522 1376 554 1430 et
573 1366 763 1432 utensilibus
779 1367 817 1431 ad
833 1367 937 1447 ipsum
950 1367 1036 1450 juste
1052 1367 1281 1447 pertinentibus

208 1469 278 1548 ipse
293 1468 391 1532 libere
406 1467 553 1548 disponet
568 1476 621 1531 aut
637 1484 673 1532 ea
687 1467 855 1532 vendendo
868 1467 1008 1540 aliis,aut
1023 1484 1082 1532 suo
1098 1483 1280 1534 successori
1360 1495 1364 1502 ·

209 1584 267 1647 pro
283 1565 462 1630 rationabili
478 1565 580 1646 pretio
602 1565 800 1646 reliquendo.
825 1565 861 1628 lit
884 1566 911 1629 si
927 1565 1065 1646 desuper
1080 1566 1183 1647 aliqua
1199 1565 1281 1630 diiii-

210 1665 311 1728 cultas
336 1663 468 1731 oriatur.
495 1662 708 1727 terminabunt
733 1679 803 1728 eam
828 1662 938 1726 arbitri
965 1680 1021 1728 seu
1047 1663 1106 1726 vlri
1130 1664 1203 1728 honi
1227 1681 1283 1745 per

211 1763 330 1826 dictum
347 1760 530 1842 magistrum
553 1769 695 1826 nostrum
719 1761 760 1825 du
783 1763 847 1842 Bay
861 1761 1061 1842 designandi.
1079 1762 1199 1828 Deinde
1214 1779 1281 1843 per·

214 1861 313 1924 mittet
338 1859 463 1923 iuturus
492 1873 607 1939 regens
637 1860 787 1940 magistro
820 1859 955 1924 Iohanni
986 1860 1075 1936 laet,
1107 1869 1140 1924 ut
1167 1860 1282 1925 habeat

211 1959 347 2040 aliquem
365 1957 396 2019 in
417 1957 502 2022 dioto
517 1956 713 2038 paedagogio
728 1957 921 2022 habitantem
943 1957 1011 2022 sive
1030 1957 1278 2038 arrogantibus,

211 2057 279 2122 sive
294 2073 331 2120 ex
343 2055 503 2136 magistris
515 2055 771 2137 docentibus,qui
784 2056 888 2121 omnia
901 2064 931 2120 et
943 2057 1068 2138 singula
1081 2055 1150 2136 ejus
1162 2056 1281 2121 credita

210 2155 334 2220 ratione
346 2154 450 2218 dietae
461 2169 538 2217 suae
551 2153 713 2233 regentiae
721 2153 852 2233 recipiat
863 2163 895 2219 et
907 2155 1281 2235 prosequatur‚expensis

211 2264 314 2319 tamen
329 2252 431 2334 ipsius
446 2251 586 2330 magistri
603 2251 756 2316 iohannis
772 2251 858 2316 Laet.

253 2353 322 2416 »Et
347 2351 431 2432 quod
457 2349 567 2414 attinet
592 2349 630 2412 ad
657 2359 800 2413 mutuum
823 2367 880 2429 per
901 2351 1062 2414 domiuum
1085 2350 1281 2418 licentiatum

211 2451 395 2531 magistrum
410 2448 584 2512 iohannem
607 2448 682 2512 Laet
702 2464 719 2510 a
741 2447 824 2512 dicta
847 2448 994 2512 lacultate
1008 2457 1173 2529 acceptum
1188 2459 1282 2530 atque

208 2551 269 2613 alia
295 2549 398 2612 eidem
424 2547 561 2610 facultati
589 2563 735 2626 pereum
759 2546 874 2620 debita,
899 2555 930 2610 et
956 2547 1102 2611 similiter
1127 2563 1183 2628 per
1209 2563 1280 2612 eum

209 2647 337 2712 nomine
353 2644 537 2726 paedagogi
553 2651 679 2724 recepta
695 2652 726 2708 et
741 2644 883 2724 exposita
902 2657 964 2709 tam
987 2645 1017 2707 in
1043 2643 1195 2710 aediliciis
1212 2661 1285 2726 pae·

93 2779 95 2784 ·
209 2745 335 2827 dagogii
349 2761 442 2826 quam
459 2744 490 2806 in
503 2742 557 2806 lite
570 2759 627 2822 pro
643 2743 736 2807 hotto
752 2753 783 2806 et
794 2742 865 2806 aliis
881 2743 1049 2816 similibus,
1066 2744 1092 2808 si
1110 2759 1190 2824 quae
1205 2745 1281 2816 sint,

208 2843 405 2924 accipientur
426 2841 500 2906 hino
522 2841 595 2905 inde
614 2839 697 2920 juris
720 2840 810 2920 periti
834 2841 953 2904 domini
972 2841 1120 2906 doctores
1135 2842 1282 2906 hilbertus

210 2943 384 3015 leoninus,
411 2939 551 3005 loannes
582 2938 762 3003 Wamesius
793 2949 824 3003 et
850 2939 1069 3004 Theudoricus
1098 2939 1280 3012 Peelmans,

210 3041 374 3122 utriusque
385 3039 468 3120 jnris
484 3037 676 3103 licentiatus.
687 3036 826 3106 Quorum
840 3027 960 3118 judicio
976 3039 1194 3104 controversia
1207 3040 1281 3104 hinc

206 3140 281 3205 indo
296 3146 390 3220 prout
405 3139 444 3202 de
457 3137 528 3218 jure
544 3137 613 3201 sine
629 3136 692 3200 ulla
707 3136 762 3200 lito
776 3137 952 3201 decidetur.

249 3262 264 3298 u
281 3238 347 3311 Qua
366 3237 492 3318 quidem
508 3224 691 3309 eoncordia,
709 3236 752 3299 uti
770 3236 992 3315 praemittitur,
1009 3251 1115 3299 coram
1139 3235 1279 3316 praelato
1375 3249 1376 3254 ’

205 3337 335 3404 domino
356 3343 482 3400 rectore
497 3335 577 3398 lecta
593 3342 623 3398 et
638 3334 721 3398 inter
736 3333 865 3398 easdem
881 3342 986 3414 partes
1001 3345 1162 3406 renovata,
1181 3333 1279 3413 petie·

205 3445 278 3500 runt
307 3435 435 3501 eaedem
465 3441 571 3514 partes
600 3431 777 3496 hincinde
806 3447 863 3512 per
888 3431 1089 3512 magnificum
1114 3431 1278 3496 dominum

204 3541 360 3598 uectorem
376 3535 464 3598 vices
480 3547 555 3596 suas
567 3530 724 3610 interponi
740 3545 777 3593 ac
786 3529 914 3595 easdem
930 3530 962 3591 in
978 3529 1162 3609 praemissis
1174 3530 1278 3596 omui·

205 3632 265 3696 bus
294 3639 326 3696 et
357 3630 492 3712 siugulis
524 3628 718 3693 voluntarias
743 3627 960 3692 condemnari.
979 3627 1069 3693 Unde
1091 3625 1278 3708 magnificus

205 3729 353 3793 domiuus
365 3738 481 3801 rector,
491 3737 642 3808 quantum
655 3726 685 3787 in
699 3741 734 3789 se
746 3734 824 3800 erat,
837 3727 925 3790 vices
941 3743 1015 3790 suas
1031 3725 1275 3805 interponendo,

204 3827 331 3892 easdem
348 3836 454 3907 partes
477 3825 508 3886 iu
532 3822 739 3904 praescriptis
763 3823 996 3896 condemnavit,
1021 3823 1147 3903 illisque
1165 3822 1276 3887 obser-

202 3925 361 3991 vationem
377 3923 557 4004 hujusmodi
571 3921 762 3986 concordiae
778 3921 955 4002 respective
967 3921 1101 4002 injunxit
1116 3921 1176 3986 sub
1193 3937 1276 4002 pena

203 4023 298 4088 realis
314 4021 521 4088 executionis.
538 4019 583 4084 lle
597 4027 629 4083 et
643 4035 740 4100 super
754 4018 881 4098 quibus.
899 4028 961 4084 etc.

246 4148 260 4176 u
280 4121 355 4186 heta
372 4121 499 4186 luerunt
520 4119 598 4182 haec
620 4117 748 4182 lovanii
764 4117 794 4181 in
815 4117 909 4182 domo
925 4118 1129 4184 habitationis
1145 4117 1277 4200 praelati
