3252 4954
716 425 902 494 ,489-

264 617 508 682 conversantes,
532 624 709 689 eorumque
736 609 806 674 loca
830 618 861 674 et
884 609 980 686 bona,
1005 609 1123 672 sintin
1151 611 1355 691 protectione

266 715 494 774 sacrosanctae
517 706 606 771 sedis
631 708 846 787 apostoticae;
873 725 911 773 ac
933 707 1072 788 capellas
1098 717 1130 772 et
1152 709 1292 774 oratoria
1317 709 1351 773 in

177 843 178 848 κ
269 807 350 888 ipsis
380 807 531 871 domibus
566 805 690 888 erigere
718 807 855 880 valeant,
886 824 923 872 ac
952 807 984 870 iu
1020 808 1068 874 eis
1098 809 1355 880 sacratissimam,

266 907 500 972 Eucharistiam
525 915 710 971 reverenter
731 923 937 983 conservare,
954 917 1177 972 conservatam
1200 905 1352 974 omnibns

267 1007 384 1071 domus
401 1004 558 1086 praetatus
573 1005 837 1078 inhabitantibus,
854 1023 927 1070 cum
945 1007 1133 1086 expedierit,
1153 1007 1351 1083 ministrare;

268 1105 454 1169 sacerdotes
476 1113 508 1168 et
523 1104 743 1168 confessarios
765 1104 805 1168 de
820 1105 943 1185 gremio
967 1105 1102 1170 idoneos
1124 1105 1243 1170 aliosve
1264 1106 1303 1170 ad
1319 1107 1353 1170 id

267 1203 398 1276 habere,
422 1203 475 1284 qui
499 1219 610 1267 eorum
636 1203 861 1268 consessiones
883 1204 1025 1275 audiant,
1049 1204 1144 1269 etiam
1168 1206 1198 1268 in
1222 1207 1354 1272 casibus

268 1303 461 1368 dioecesano
491 1301 678 1376 reservatis,
706 1318 778 1365 cum
808 1318 891 1381 opus
918 1303 1024 1373 tuerit,
1052 1302 1266 1382 absolvead03
1297 1304 1352 1385 qui
1385 1336 1389 1344 ·

269 1410 460 1481 perpetrem
485 1418 541 1466 seu
567 1401 753 1481 magistrum
776 1401 1118 1466 dictarumdomorum
1142 1403 1181 1466 ad
1197 1403 1259 1468 hoc
1282 1420 1350 1468 res·

268 1501 392 1580 pective
430 1499 679 1580 deputabuntur,
710 1509 835 1564 servata
874 1501 933 1566 soli
973 1501 1130 1580 provisori
1172 1503 1351 1583 praedicto,

265 1599 390 1664 scilicet
405 1598 502 1678 priori
525 1597 740 1662 carthusiensi
761 1599 914 1677 praefato,
934 1616 992 1678 pro
1016 1610 1161 1678 tempore
1182 1600 1344 1673 existenti,

268 1708 424 1777 potestate
449 1708 480 1762 et
508 1698 666 1768 facultate,
696 1706 728 1762 ut
754 1698 843 1778 ipsos
872 1699 977 1763 dictos
1003 1699 1034 1762 in
1061 1698 1175 1764 iisdem
1202 1699 1351 1764 domibus

267 1797 421 1875 degentes
447 1815 463 1857 a
490 1796 619 1860 casibus
648 1797 845 1878 apostoticae
874 1798 943 1862 sedi
974 1798 1160 1870 reservatis,
1188 1797 1351 1871 censuris,

267 1895 361 1960 etiam
385 1895 683 1976 irregularitatibus,
710 1896 864 1960 scutalia
890 1895 965 1968 vita,
996 1905 1027 1960 et
1053 1896 1152 1960 semei
1178 1897 1209 1958 iu
1236 1896 1350 1961 mortis

267 1995 416 2072 articulo,
434 1994 602 2058 absolvere
627 2003 660 2058 et
675 1995 890 2070 rehahilitare,
908 2011 945 2058 ac
969 1995 1155 2076 magistrum
1182 1995 1355 2076 cujustibet

270 2095 385 2158 domus
399 2094 437 2156 ad
455 2095 518 2158 hoc
537 2093 749 2174 subdelegare
771 2094 886 2158 valeat.
903 2093 1059 2174 Quodque
1086 2094 1146 2172 ipsi
1173 2095 1205 2158 in
1228 2095 1354 2160 eisdem

269 2192 418 2257 domibus
434 2193 589 2273 degentes
612 2201 643 2258 et
659 2193 840 2256 habitautes
856 2192 1043 2258 sacerdotes
1059 2209 1187 2272 semper
1203 2193 1354 2268 habeant,

269 2291 323 2371 qui
345 2291 400 2354 eis,
417 2292 578 2370 praedicta
601 2291 837 2366 administrent,
863 2301 894 2354 et
916 2291 1024 2354 diviua
1050 2291 1154 2356 officia
1177 2292 1352 2364 celebrent,

268 2399 301 2454 et
327 2407 383 2469 per
408 2390 594 2470 magistrum
622 2389 794 2470 cujuslibet
820 2391 961 2470 ipsarum
984 2391 1152 2456 domorum
1181 2391 1356 2455 ordinariis

269 2497 419 2567 tanquam
436 2489 541 2553 idouei
556 2489 763 2568 praesentati,
781 2504 1013 2569 aquocumque
1025 2489 1167 2554 antistite
1178 2489 1351 2562 catholico,

270 2605 383 2653 sacros
412 2589 545 2668 ordines
581 2588 770 2652 conterente
804 2596 836 2651 ot
866 2587 999 2668 gratiam
1036 2587 1126 2652 sedis
1158 2587 1356 2669 apostolicae

271 2687 419 2762 habente,
442 2687 513 2750 sine
538 2685 748 2766 requisitione
775 2685 963 2758 dimissorii,
981 2687 1076 2750 etiam
1100 2687 1171 2750 sine
1186 2685 1355 2750 wbeneficio

271 2786 493 2852 ecclesiastico
515 2793 570 2850 aut
595 2785 658 2849 alio
684 2785 786 2856 tituto,
816 2795 1035 2867 praeterquam
1061 2787 1146 2866 quod
1169 2785 1234 2849 iitis
1257 2800 1358 2866 super

273 2884 481 2965 proventibus
516 2885 644 2956 domus,
675 2883 706 2946 iu
738 2899 799 2964 qua
835 2886 967 2965 degunt,
995 2885 1035 2948 de
1065 2885 1148 2948 victu
1178 2894 1209 2948 et
1238 2882 1356 2948 amictu

272 2985 449 3050 secuudum
472 2991 575 3046 status
597 2981 808 3047 humilitatem
830 2981 984 3047 decenter
1007 2983 1224 3062 provideatur,
1248 2982 1354 3046 donec

271 3091 304 3148 et
324 3097 492 3163 quousque
514 3081 643 3144 aliunde
658 3079 707 3144 eis
729 3080 770 3146 de
784 3080 942 3146 beneficio
965 3081 1199 3155 ecclesiastico,
1216 3089 1356 3161 quatuor

273 3196 397 3245 mareas
421 3180 544 3260 argenti
572 3179 604 3242 in
626 3179 696 3243 suis
722 3178 900 3244 redditibus
923 3189 955 3246 et
981 3180 1191 3259 proventibus
1213 3180 1352 3252 valente,

273 3281 433 3361 provisum
448 3281 553 3349 tuerit,
568 3278 765 3358 temporibus
780 3279 818 3342 ad
833 3280 894 3343 hoc
909 3279 1049 3352 statutis,
1063 3281 1103 3344 ad
1118 3296 1242 3352 omnes,
1257 3277 1353 3343 etiam

271 3391 395 3454 sacros,
409 3379 540 3444 ordines
555 3389 587 3442 et
602 3378 840 3459 presbyteratus
856 3377 1003 3443 ordinem
1018 3379 1200 3460 promoveri
1216 3377 1353 3442 valeant.

269 3479 361 3554 Quod
391 3479 530 3559 denique
562 3495 618 3557 pro
653 3476 791 3542 vitandis
822 3477 943 3542 morbis
972 3478 1184 3560 contagiosis,
1214 3479 1264 3542 vei
1294 3478 1356 3542 atia

274 3579 465 3644 necessitate
492 3585 636 3658 urgente,
664 3593 701 3642 se
726 3577 764 3640 ad
792 3575 985 3656 campestria
1014 3576 1220 3654 transferent,
1244 3575 1358 3641 habito

272 3678 427 3742 concluso
451 3676 536 3750 loco,
553 3677 585 3738 in
608 3693 672 3757 quo
686 3675 837 3740 exercitia
864 3675 914 3755 pia
931 3675 1058 3750 saciant,
1076 3683 1117 3742 et¹
1132 3676 1259 3740 decenti
1282 3691 1357 3739 ora·

271 3777 366 3852 turio,
381 3776 413 3839 in
430 3793 494 3857 quo
509 3783 749 3840 sacrosanctam
762 3773 994 3840 Eucharistiae]
1007 3784 1211 3855 praesentem
1227 3789 1358 3854 semper

272 3875 419 3950 habeant,
437 3885 468 3940 et
491 3875 641 3956 exiguum
665 3891 723 3954 pro
738 3874 908 3937 domorum
934 3889 1065 3938 suarum
1088 3871 1358 3938 inhabitatoribus

269 3974 432 4038 dumtaxat
453 3974 687 4044 coemiterium,
706 3972 738 4035 in
761 3988 836 4052 quo,
861 3971 901 4034 ad
925 3971 1117 4038 iniectiones
1139 3981 1170 4038 et
1193 3971 1354 4056 contagia,

192 4133 196 4140 ,
270 4083 331 4134 tam
348 4071 450 4136 activa
466 4089 559 4152 quam
578 4071 715 4152 passiva,
734 4071 872 4142 vitanda,
890 4087 947 4150 per
970 4072 1152 4150 praedictos
1168 4071 1358 4138 sacerdotes

271 4171 397 4235 humari
414 4172 552 4252 possint.
