3252 4954
739 430 860 496 -ttto
886 465 924 478 -

324 612 493 693 Quodque,
520 621 554 677 ut
579 630 690 678 eorum
717 614 822 679 studia
848 613 921 678 aliis
946 613 1127 689 animabus,
1155 625 1249 696 prout
1277 635 1369 699 prae-

278 712 387 776 dictus
415 712 555 777 loannes
586 730 643 793 per·
668 713 731 777 boc
756 713 905 790 intendit,
933 713 1097 778 Ecclesiae
1128 715 1183 780 liei
1212 717 1369 795 prodesse

279 811 417 896 valeant,
435 811 492 882 illi,
511 811 564 892 qui
592 821 664 891 post
687 812 803 876 artium
827 813 1022 893 completum
1049 813 1190 878 studium
1218 815 1257 878 ad
1274 816 1369 895 qnin-

281 909 458 991 quennium
477 911 507 972 in
525 911 686 992 theologia
710 912 740 974 in
755 911 861 992 aliqua
878 912 1033 975 dicturum
1050 911 1219 976 dumorum
1237 915 1370 980 studue-

282 1018 367 1082 runt,
382 1018 437 1071 aut
452 1008 548 1073 vitam
562 1009 716 1090 frugalem
730 1019 762 1073 et
778 1009 931 1074 humilem
944 1010 1115 1084 duxerunt,
1132 1021 1163 1075 et
1181 1028 1238 1091 per
1254 1015 1370 1094 magis·

282 1118 350 1173 tros
365 1107 522 1172 dictarum
539 1107 708 1172 domorum
732 1107 770 1171 ad
789 1107 1038 1187 praedicandum
1060 1109 1201 1188 deputati
1226 1111 1365 1187 luerunt,

277 1205 431 1271 omnibns
446 1215 478 1272 et
493 1205 630 1286 singulis
650 1207 837 1287 privilegiis,
855 1206 973 1286 quibus
990 1207 1104 1272 iratres
1127 1207 1251 1272 ordinis
1266 1209 1367 1274 llino-

280 1321 349 1369 rum
366 1315 397 1369 et
414 1304 686 1378 Praedicatorum,
704 1305 758 1386 qni
780 1306 818 1368 ad
838 1304 1086 1384 praedicandum
1110 1307 1278 1387 aigradus
1299 1310 1366 1374 lec-

275 1413 402 1470 -toratus
418 1404 665 1480 babendum-ac
680 1405 800 1485 gradum
814 1405 844 1466 in
859 1404 1126 1469 Universitatibus
1142 1407 1363 1480 obtinendum,

278 1514 309 1568 et
326 1504 476 1584 parvulos
503 1503 727 1578 erudiendum,
745 1505 899 1584 gaudem,
917 1505 1093 1583 gaudeant;
1122 1515 1212 1569 aetus
1239 1523 1365 1588 quoque

278 1603 310 1666 in
339 1602 631 1666 Universitatilibns
655 1601 830 1677 celebrare,
856 1611 887 1665 et
909 1601 1041 1666 verbum
1066 1602 1121 1667 liei
1145 1603 1182 1666 ad
1212 1607 1363 1684 populum

278 1701 529 1783 promulgarem
552 1717 612 1764 suo
639 1699 827 1764 humilitatis
851 1700 958 1765 babitu
982 1702 1090 1778 solito,
1108 1714 1162 1767 aut
1183 1704 1254 1768 loco
1277 1706 1364 1770 clila·

279 1802 381 1882 mydis
408 1801 439 1862 in
470 1799 698 1880 superpellicio
729 1811 759 1863 et
787 1799 933 1864 camaldo
965 1802 1151 1880 praedicare
1182 1804 1309 1883 possint
1334 1813 1365 1870 et

277 1902 421 1974 valeant;
440 1901 497 1964 bas
513 1900 608 1963 etiam
622 1899 741 1979 gratias
757 1899 796 1962 ad
813 1899 929 1963 domus
946 1910 1057 1980 postea
1072 1900 1216 1982 ejusdem
1229 1919 1365 1984 cougre-

276 1999 415 2080 gationis
429 1999 460 2060 in
474 1997 631 2061 limitibus
641 2007 770 2062 nostrae
783 1998 1134 2080 legationiserigendas
1147 2003 1359 2066 extendendo.

317 2098 379 2161 Sed
397 2105 429 2160 ut
444 2097 576 2178 praelati
592 2096 623 2158 in
640 2095 762 2160 eisdem
785 2097 935 2160 domibus
958 2097 1113 2176 degentes
1137 2099 1234 2162 tantis
1250 2100 1360 2179 gratiis

271 2208 307 2262 ct
323 2195 498 2277 privilegiis
513 2194 600 2276 digni
618 2193 809 2270 alliciantur,
828 2196 889 2274 ipsi
908 2212 1066 2276 pauperes
1088 2215 1182 2262 suum
1198 2207 1314 2262 statum
1330 2208 1361 2264 et
1408 2203 1409 2206 ’

274 2295 486 2359 bumilitatem
518 2293 744 2357 inviolabiliter
774 2303 916 2358 servent.
945 2294 1035 2369 Quod
1066 2296 1119 2361 ubi
1148 2298 1360 2363 communitas

275 2395 432 2459 dictarum
450 2394 619 2457 domorum
636 2392 831 2472 praedictam
848 2393 1072 2458 abstinentiam
1095 2396 1126 2458 in
1143 2396 1238 2470 victu,
1257 2397 1360 2460 bumi-

273 2495 394 2558 litatem
410 2493 442 2555 in
461 2493 590 2567 ainictu,
609 2492 640 2554 in
657 2492 890 2572 temporalibus
914 2495 1189 2570 communitatem,
1206 2497 1358 2562 studiosi-

271 2603 370 2658 tatem
387 2592 419 2654 in
446 2590 610 2666 exercitio,
628 2590 822 2672 vigilantiam
846 2592 877 2654 in
898 2592 1016 2657 divinis
1031 2592 1158 2670 officiis,
1178 2595 1360 2660 notabiliter

274 2691 407 2771 passim,
439 2691 487 2754 vel
527 2689 656 2770 aliquod
693 2691 928 2770 praedictorum
967 2693 1153 2764 dimitteret,
1193 2693 1359 2773 quibusvis

273 2790 524 2856 relaxationibus
552 2799 606 2854 aut
634 2789 912 2869 dispensationum
951 2791 1209 2873 quibuscumque
1245 2793 1358 2858 mediis

272 2891 399 2971 adeptis
416 2907 478 2954 nun
495 2887 709 2961 obstantibus,
726 2907 765 2952 ex
782 2897 857 2953 tunc
873 2891 1023 2954 omnibus
1044 2891 1230 2970 praemissis
1246 2895 1357 2973 gratiis

269 2998 303 3054 et
326 2988 502 3069 privilegiis
525 2987 665 3068 privetur
691 2995 722 3051 et
746 2987 867 3066 privata
894 2999 1080 3061 censeatur:
1108 3005 1145 3053 ac
1172 2992 1358 3070 proximiori

271 3087 423 3168 lrospitali
453 3103 627 3166 pauperum
654 3084 693 3151 de
721 3087 929 3166 proventibus
956 3087 1186 3168 temporalibus
1213 3089 1356 3170 ejusdem

268 3186 510 3252 communitatis
528 3185 576 3252 sic
594 3185 809 3266 delinquentis
829 3185 917 3265 juxta
934 3187 1137 3250 fundatorum
1159 3188 1355 3253 voluntatem

272 3285 486 3365 provideatur.
505 3285 549 3348 Ac
571 3284 677 3358 etiam,
696 3294 729 3348 ut
751 3296 898 3348 servetur
914 3301 988 3350 vera
1012 3293 1182 3366 paupertas
1199 3295 1242 3362 et,
1261 3305 1300 3352 ne
1316 3305 1355 3352 ex

266 3385 363 3464 adipe
381 3383 513 3464 prodeat
535 3383 695 3464 iniquitas,
714 3384 776 3464 ipsi
800 3384 831 3446 in
858 3384 953 3448 dictis
976 3384 1126 3448 domibus
1149 3387 1304 3465 degentes
1323 3381 1354 3450 et

269 3482 449 3548 habitantes
466 3481 618 3562 maiorem
636 3490 859 3561 proventuum,
876 3499 971 3563 qnam
995 3483 1034 3547 ad
1051 3493 1179 3548 tenuem
1202 3493 1233 3548 et
1249 3485 1353 3549 bumi-

267 3581 330 3646 lcm
342 3581 460 3644 victum
473 3591 504 3644 et
516 3580 803 3660 amictumprimae
816 3581 1009 3645 institutioni
1023 3581 1354 3658 conformemneces·

265 3680 399 3750 sarium.
418 3695 476 3743 nec
492 3693 647 3759 quaerere
664 3695 723 3742 nec
738 3678 907 3758 suscipere
923 3679 1048 3742 valeant
1064 3695 1124 3743 nec
1139 3680 1286 3744 debeant.

308 3777 461 3844 Similiter
479 3776 568 3857 juxta
584 3776 717 3856 primam
740 3777 973 3840 institutionem
991 3778 1074 3841 ultra
1100 3793 1278 3854 numerum,
1296 3781 1351 3862 qni

264 3875 376 3940 estin
414 3890 548 3939 numero
578 3885 761 3939 sanctorum
799 3875 1019 3954 apostolorum
1049 3883 1080 3939 et
1117 3875 1350 3956 discipulorum

264 3975 401 4049 bomini,
419 3977 480 4038 sub
502 3972 735 4054 benignissimo
758 3973 921 4037 salvatore
945 3983 977 4038 et
1003 3991 1061 4038 sna
1085 3973 1216 4055 Virgine
1239 3977 1348 4052 llatre,

265 4072 389 4137 scilicet
413 4070 598 4152 octuaginta
623 4081 709 4146 octo,
728 4071 1045 4158 proportionabiliter
1073 4073 1173 4154 maj0r
1196 4091 1350 4141 numerus

204 4201 206 4210 r
266 4187 442 4251 pauperum
456 4169 708 4235 erudiendorum
726 4187 790 4235 non
804 4170 992 4252 reperiatur,
1008 4189 1065 4252 pro
1077 4171 1222 4252 quolibet
1236 4174 1349 4240 decem

259 4267 406 4334 *llorenos
422 4269 600 4334 rbenenses
615 4268 778 4333 dumtaxat
793 4268 984 4350 regulariter
1000 4269 1219 4350 suscipiendo.
