3130 4956
756 479 938 542 -200-

304 665 459 740 oporteat,
489 667 520 722 et
545 667 578 723 ut
603 657 626 720 ii
648 675 714 724 rem
737 658 826 724 cordi
851 659 998 735 habeant,
1016 665 1050 724 ut
1071 657 1134 723 cito
1157 656 1263 722 omnia
1280 655 1384 738 sopiri

303 756 441 839 possint.

345 855 500 930 Quantum
527 855 565 919 ad
588 855 709 936 reliqua
733 855 866 934 (scilicet
888 855 1041 921 articulos
1063 853 1240 920 secundum
1263 860 1295 918 et
1318 861 1384 918 ler-

298 953 391 1038 tiom)
407 954 526 1018 domini
546 953 764 1019 deliberarunt
785 954 997 1036 requirendos
1013 969 1087 1018 esse
1103 952 1250 1018 dominos
1266 968 1385 1016 execu-

302 1061 401 1130 tores,
434 1061 478 1126 ut,
496 1054 672 1118 secundum
697 1069 891 1118 consensum
914 1069 1016 1133 nuper
1041 1051 1079 1115 ab
1102 1051 1181 1130 ipsis
1198 1049 1382 1131 prestitum,

301 1152 425 1232 regenti
447 1151 622 1217 constituto
644 1163 697 1216 aut
722 1151 946 1217 constituendo
973 1151 1114 1215 relaxent
1138 1147 1381 1230 possessionem

303 1249 417 1314 domus
433 1249 620 1330 collegialis,
639 1249 731 1330 eique
745 1249 880 1313 liberum
897 1265 990 1313 usum
1005 1248 1091 1312 dicte
1106 1247 1231 1320 domus,
1249 1245 1335 1310 horti
1351 1252 1382 1308 et

303 1347 529 1428 pertinentium
553 1349 745 1428 permittant.
770 1347 805 1410 ln
828 1348 934 1428 quusi
951 1357 1139 1412 executores
1162 1343 1381 1408 difficultatem

305 1443 432 1520 faciant,
446 1445 589 1526 judicant
612 1433 981 1510 dominirecurrendum
1004 1461 1078 1509 esse
1103 1443 1141 1506 ad
1158 1440 1382 1507 cancellariam

304 1541 473 1607 Brabantie
481 1543 663 1624 proidoneo
676 1543 828 1607 remedio.
839 1543 886 1607 Ad
898 1543 990 1624 cujus
1002 1540 1134 1606 remedii
1146 1539 1382 1605 ordinationem

305 1647 337 1705 et
362 1641 581 1706 executionem
608 1643 798 1722 deputarunt
820 1641 940 1705 domini
964 1649 1174 1721 receptorem,
1199 1638 1382 1720 syndicum,

303 1737 499 1803 licentiatom
525 1739 704 1820 Principem
726 1753 758 1804 et
780 1740 942 1804 dominum
966 1737 1149 1819 Sexagium3
1168 1754 1248 1818 quos
1270 1737 1383 1800 voluc-

304 1845 390 1913 runt,
406 1837 547 1901 adhibito
562 1837 697 1902 consilio
713 1837 832 1903 domini
848 1837 989 1902 doctoris
1008 1836 1138 1911 Elbertl,
1155 1835 1281 1917 quoties
1298 1849 1381 1914 opus

304 1934 375 2012 erit,
393 1936 488 2016 hujus
503 1937 550 2000 rei
567 1936 745 2000 tractationi
769 1935 939 2016 diligenter
960 1935 1156 2000 incumbere.
1177 1935 1212 1999 dt
1233 1934 1282 1998 sic
1303 1948 1384 1997 con-

306 2033 402 2097 clusit
417 2033 565 2098 domiuus
581 2033 733 2098 decanus.
750 2035 841 2109 dura,
858 2033 939 2110 Vlll,
957 2033 1012 2098 fol.
1031 2033 1090 2096 135
1104 2044 1147 2098 v⁰.

346 2229 501 2310 lliejouis,
523 2231 626 2311 primu
647 2233 761 2294 mensis
783 2233 906 2312 aupusti
924 2229 1015 2306 11160,
1033 2230 1111 2294 hora
1127 2237 1237 2310 quarta
1253 2243 1270 2290 a
1288 2227 1385 2290 meri·

306 2326 369 2402 die,
386 2327 503 2391 indicta
527 2337 575 2392 est
597 2329 759 2409 deputatio
778 2329 948 2406 facultatis,
966 2330 996 2392 in
1012 2330 1109 2392 rubea
1125 2343 1251 2391 camera
1268 2326 1386 2390 domus

306 2425 476 2500 facultatis,
493 2443 564 2490 curn
581 2427 701 2507 aliquot
719 2427 911 2502 senioribus
929 2444 1026 2508 super
1041 2423 1386 2508 sequentibus'aniou-

306 2523 346 2586 lis
364 2546 371 2586 :
390 2524 506 2600 Primo,
531 2541 570 2588 an
593 2525 755 2605 expediret
777 2526 973 2590 constituere
999 2534 1161 2606 regentem
1187 2523 1326 2596 firmum,
1344 2537 1385 2587 co

308 2622 413 2698 modo,
435 2640 499 2704 quo
521 2624 553 2686 in
577 2624 648 2687 aliis
670 2625 868 2705 pedagogiis,
885 2625 917 2686 in
933 2624 1028 2698 Lilio;
1049 2623 1201 2697 secundo,
1219 2622 1257 2685 ad
1273 2620 1383 2686 videu-

306 2719 392 2795 dum,
411 2721 484 2802 quid
512 2722 613 2802 primo
636 2723 752 2786 factum
779 2722 943 2804 expediret
964 2723 995 2785 in
1019 2721 1156 2802 negotiis
1178 2719 1387 2802 proprietatis

305 2817 387 2881 litii.

346 2915 454 2990 Quoad
473 2917 620 2996 primurn,
638 2919 856 2984 deliberarunt
877 2919 997 2984 dornini
1013 2917 1218 2983 conformiter
1232 2917 1386 2998 expedire

307 3015 453 3090 maxime,
469 3025 501 3079 ut
512 3026 630 3096 quanto
643 3017 738 3080 citius
754 3016 823 3084 fieri
840 3018 953 3098 possit,
968 3034 1084 3098 regens
1100 3016 1223 3080 stabilis
1239 3015 1385 3095 preficia-

307 3111 412 3175 tur.ln
423 3129 486 3192 qua
498 3113 702 3194 deputatione
714 3113 887 3179 exhibitum
904 3125 953 3179 est
970 3115 1223 3195 procuratorium
1240 3113 1385 3193 magistri

306 3209 332 3273 N
336 3209 428 3273 icolei
444 3211 1055 3292 (13133333333833313011313333311
1071 3212 1240 3292 petendum
1258 3211 1386 3275 313331-

307 3315 369 3371 1313
386 3308 558 3388 regentiam
584 3309 654 3372 lilii
681 3327 738 3390 per
761 3309 925 3374 dominum
948 3321 979 3374 et
1004 3311 1188 3391 magistrum
1205 3310 1386 3374 iohannem

306 3406 510 3471 Plansonium
527 3425 543 3470 a
560 3407 680 3472 Doaco.
697 3409 787 3484 Quod
803 3418 834 3474 et
849 3409 967 3474 ibidem
984 3410 1099 3473 lectum
1115 3409 1185 3472 fuit.

346 3504 453 3577 Quoad
482 3507 658 3570 secundum
686 3509 865 3584 articulum,
897 3507 1105 3572 deliberatum
1134 3517 1184 3570 est
1212 3507 1386 3586 deputatos

306 3619 379 3668 esse
394 3615 511 3680 certos,
529 3607 582 3686 qui
599 3607 724 3688 negotia
742 3607 950 3688 pedagogium
967 3606 1037 3669 Lilii
1054 3605 1280 3670 concernentia
1295 3604 1385 3668 citis·

305 3701 385 3766 sime
401 3712 548 3778 tractent,
565 3713 597 3768 et
612 3705 650 3768 ab
666 3705 893 3770 executoribus
910 3715 1019 3785 petant
1037 3705 1144 3768 claves
1159 3703 1329 3767 domorum
1344 3701 1386 3765 ad

304 3801 515 3882 pedagogium
535 3803 761 3882 pertinentium
786 3804 909 3884 regenti
931 3820 988 3884 per
1010 3803 1189 3867 facultatem
1209 3801 1387 3866 constituto

305 3898 398 3974 tradi,
415 3909 447 3964 et
462 3900 494 3961 in
510 3914 668 3976 eventurn,
686 3917 749 3982 quo
765 3901 796 3964 id
813 3901 917 3965 lacere
940 3909 1102 3975 recusent,
1126 3901 1241 3964 adeant
1256 3899 1386 3964 canoel-

304 3995 415 4059 lariam
431 3997 599 4061 Brabantie
616 4013 674 4078 pro
690 3999 851 4076 remedio;
876 4007 908 4063 et
930 3998 962 4062 id
978 3997 1132 4062 citissime
1148 3996 1211 4060 liat.
1231 3997 1269 4060 llt
1284 3997 1386 4078 depu-

305 4093 360 4157 tati
376 4105 450 4158 sunt
469 4096 508 4159 ad
524 4096 554 4159 id
572 4096 751 4160 laciendum
766 4097 799 4172 ii,
817 4097 870 4177 qui
887 4095 1071 4178 precedenti
1087 4096 1294 4176 deputatione
1310 4104 1387 4160 sunt

305 4191 474 4274 designati,
491 4195 640 4260 videlicet
662 4196 814 4276 syndicus
836 4195 1006 4272 facultatis,
1023 4195 1172 4260 dominus
1188 4204 1340 4275 receptor
1354 4203 1387 4260 et
