3236 4952
723 425 908 491 -ttt-

270 615 425 666 renenses
454 617 642 669 communes
671 617 726 671 aut
755 607 885 673 bursam
914 609 1055 691 aliquam
1085 610 1359 691 aequivalentem

271 699 452 781 poteritque
476 718 533 782 per
556 703 775 770 fundationem
798 707 936 790 aliquam
959 709 1125 774 liberalem
1150 708 1219 774 lieri
1239 707 1359 772 additio

270 797 342 864 sine
367 799 520 880 stipendii
546 801 767 869 diminutione.
795 805 886 880 Quod
914 805 942 870 si
972 807 1053 872 iorte
1082 806 1165 873 duos
1191 805 1360 888 elegerint,

271 905 349 962 tunc
364 914 460 978 quem
485 900 674 979 praesidens
697 903 825 984 collegii
849 905 991 980 Adriani,
1014 905 1188 986 pontilicis,
1206 903 1362 986 praestito

269 994 452 1076 juramento
469 1007 502 1061 ut
514 1013 623 1078 supra,
634 1000 881 1080 praeterendum
893 1003 1029 1078 duxerit,
1046 1004 1074 1068 is
1086 1005 1148 1070 erit
1161 1003 1360 1085 praesidens.

273 1093 409 1168 Quodsi
429 1095 495 1176 jam
518 1097 593 1162 dicti
617 1100 777 1166 electores
801 1102 1014 1182 praesidentis
1037 1103 1160 1184 absque
1179 1102 1369 1183 juramento

272 1193 427 1274 praestito
450 1196 488 1258 ad
514 1196 704 1262 electionem
729 1209 785 1264 aut
806 1199 1043 1266 institutionem
1071 1201 1303 1282 processerint,
1321 1200 1366 1264 sit

271 1289 345 1354 talis
361 1291 523 1358 institutio
539 1295 637 1369 nulla,
652 1305 684 1360 et
696 1296 750 1376 jus
762 1297 902 1378 eligendi
916 1314 953 1363 ac
969 1298 1156 1362 instituendi
1175 1298 1363 1378 praesiden-

272 1398 336 1453 tem
352 1389 448 1470 buius
465 1392 591 1474 collegii
609 1411 667 1474 pro
687 1395 747 1460 bac
769 1397 840 1461 vice
861 1397 900 1460 ad
926 1405 1023 1461 totam
1046 1397 1228 1461 tacultatem
1252 1411 1364 1460 sacrae

272 1488 466 1572 theologiae,
485 1493 638 1571 praestito
662 1493 844 1574 juramento
870 1499 915 1574 tut
938 1495 1135 1576 praedictum
1159 1497 1230 1572 est),
1252 1493 1364 1559 devol-

271 1597 375 1654 vatur.
393 1591 525 1662 Quoties
544 1602 648 1655 antern
665 1609 767 1658 novus
791 1595 979 1674 praesidens
1002 1593 1198 1668 instituetur,
1215 1591 1363 1658 conscri-

273 1685 368 1751 betur
382 1688 595 1754 inventarium
613 1693 797 1758 utensilium
821 1693 960 1775 collegii,
979 1693 1120 1757 dandum
1144 1707 1228 1757 novo
1245 1691 1365 1772 praesi-

272 1783 425 1864 denti,ut
440 1787 480 1852 de
495 1787 560 1853 illis
582 1805 640 1854 suo
664 1800 809 1872 tempore
832 1792 989 1856 rationem
1013 1792 1139 1869 reddat,
1159 1790 1363 1873 perlustratis

272 1883 367 1948 ctiam
383 1887 517 1952 aedibus
532 1888 672 1970 collegii,
692 1900 724 1954 ut
740 1891 801 1956 sub
817 1891 901 1955 bona
925 1891 1129 1972 reparatione
1152 1891 1182 1954 ei
1204 1889 1363 1956 servanda

273 1984 450 2050 tradantur.

314 2082 481 2151 Praeterea
508 2086 698 2166 praesidens
724 2087 819 2169 bujus
845 2087 985 2171 collegii,
1011 2085 1361 2169 praestitojuramento

273 2180 306 2243 in
323 2184 471 2250 manibus
485 2186 689 2252 visitatorum
702 2187 797 2268 liujus
812 2187 953 2268 collegii,
968 2187 1066 2268 quod,
1083 2195 1251 2268 postquam
1264 2186 1362 2250 bursa

273 2279 312 2344 ad
331 2298 428 2348 ouum
442 2300 584 2350 mensem
598 2287 764 2359 vacaverit,
778 2296 810 2352 et
826 2303 889 2352 non
907 2286 1008 2367 prius,
1027 2287 1117 2350 illurn
1134 2285 1362 2365 praesentabit,

275 2399 369 2466 quem
386 2383 470 2448 inter
485 2383 642 2450 instantes
666 2401 724 2464 pro
741 2384 925 2466 huiusmodi
941 2385 1038 2450 bursa
1062 2384 1240 2449 secundum
1255 2383 1364 2452 lundat-

273 2483 394 2548 tionem
410 2483 556 2563 ejusdem
579 2484 611 2546 in
631 2485 828 2549 conscientia
844 2501 902 2549 sua
922 2484 1077 2564 judicabit
1099 2485 1237 2547 caeteris
1261 2482 1362 2562 magis

273 2581 437 2647 idoneum.
470 2581 547 2645 Post
573 2592 708 2646 mortem
736 2583 880 2662 magistri
911 2582 1014 2646 nostri
1039 2580 1203 2645 bliclraiilis
1233 2579 1274 2643 de
1302 2581 1369 2663 Bap¹

273 2680 402 2745 babebit
424 2681 714 2760 praesentationem
742 2681 885 2746 omnium
909 2679 1078 2744 bursarum
1102 2679 1198 2760 hujus
1221 2677 1361 2758 collegii,

273 2790 306 2844 et
340 2779 524 2844 visitatores
562 2779 747 2844 earumdem
785 2779 1035 2853 institutionem;
1074 2779 1131 2842 sed
1172 2776 1363 2858 eiectionem

273 2877 402 2942 babebit
418 2877 607 2958 praesidens
622 2877 815 2958 simpliciter
830 2894 869 2942 ex
886 2894 984 2944 causa
997 2877 1120 2958 judicio
1144 2876 1364 2942 conscientiae

273 2993 351 3042 suae
367 2976 548 3042 rationabili
565 2979 649 3041 etad
665 2976 855 3058 ejectionem
873 2977 1058 3042 sufficienti.

526 3175 572 3237 De
585 3175 675 3238 modo
690 3176 857 3256 recipiendi
872 3193 965 3240 nouos
981 3175 1103 3238 bursas.

239 3321 243 3334 ’
312 3341 481 3406 Praeterea
501 3341 653 3423 jnrabunt
675 3342 779 3407 eidem
795 3342 980 3408 visitatores
1003 3350 1034 3406 et
1050 3339 1240 3420 praesidens
1264 3337 1361 3419 buius

270 3441 523 3522 collegii,'quod
551 3441 590 3505 ad
617 3441 680 3507 boc
705 3442 875 3524 collegium
904 3442 1023 3506 nullam
1052 3439 1221 3504 admittent
1247 3437 1364 3502 lunda·

270 3539 389 3605 tionem
412 3541 604 3616 restrictam,
618 3541 731 3606 saltem
756 3541 895 3621 amplius
910 3557 1005 3622 quam
1028 3540 1067 3603 ad
1085 3538 1180 3604 unius
1203 3552 1363 3618 personae

270 3639 500 3720 posteritatem,
516 3649 603 3705 recta
629 3639 713 3704 linea
739 3639 1002 3707 descendentem.
1020 3638 1069 3702 vel
1092 3638 1132 3701 ad
1157 3653 1228 3712 eos,
1252 3635 1362 3715 quiin

270 3737 375 3818 aliqua
391 3754 453 3803 una
469 3738 609 3812 civitate,
626 3739 676 3803 vel
700 3739 732 3802 in
750 3755 813 3804 uno
830 3755 912 3821 pago
931 3740 994 3803 nati
1011 3741 1158 3812 l'ueruut;
1183 3736 1237 3816 qui
1254 3745 1361 3800 tamen

270 3837 309 3901 ad
340 3837 602 3901 satislaciendum
639 3835 793 3902 oneribus
829 3837 947 3904 bursae
984 3837 1092 3901 idonci
1125 3835 1206 3909 sint;
1243 3832 1361 3914 quibus

269 3935 506 4011 deficientibus,
531 3936 628 4000 bursa
653 3935 756 4018 possit
779 3937 882 4004 cuivis
906 3935 996 4002 alteri
1016 3935 1105 4017 juxta
1129 3931 1360 4014 praescriptam

270 4035 404 4100 sormam
434 4035 586 4113 coul'erri,
617 4037 666 4102 vel
697 4053 756 4116 pro
789 4037 1014 4103 communibus
1044 4033 1173 4114 collegii
1203 4029 1358 4096 oneribus
1402 4087 1405 4093 .

269 4134 392 4216 absque
427 4135 598 4200 collatione
641 4135 819 4212 reservari;
857 4136 1008 4218 quodque
1046 4133 1164 4198 nullam
1203 4129 1363 4212 recipient
