3236 4952
748 457 787 466 ·-
815 421 871 484 15⁰2
892 456 933 469 -

294 602 428 676 bibisse,
459 619 518 682 pro
541 601 665 667 ratione
687 601 795 667 delicti
818 602 893 668 illos
915 600 1032 667 acriter
1051 609 1083 666 et
1105 600 1177 666 sine
1200 599 1385 666 dissimula·

294 701 381 768 tione
398 701 518 782 puniet,
536 701 609 782 quia
625 701 775 765 volumus
792 702 852 766 llos
869 699 1035 765 studiosos
1055 699 1094 763 ab
1109 699 1196 764 omni
1216 699 1382 776 ebrictate,

295 800 458 882 potatione
480 807 512 864 et
534 800 804 865 commessatione
826 816 901 865 esse
923 798 1153 863 alienissimos.
1182 797 1384 879 Quapropter

290 898 387 963 etiam
400 915 464 963 non
476 897 585 962 licebit
599 899 646 963 eis
660 905 748 963 entra
762 907 890 978 tempus
905 897 1092 962 relectionis
1105 897 1137 959 in
1149 897 1287 978 collegio
1301 897 1384 961 inter

291 1013 329 1062 se
344 1006 398 1062 θυι
420 1013 492 1062 cum
516 997 677 1062 extraneis
703 1007 901 1078 computare,
919 995 1142 1070 commessuri,
1159 995 1210 1061 vel
1235 1011 1292 1075 pro
1308 995 1384 1060 vino

292 1097 342 1162 vel
359 1113 417 1178 pro
429 1097 586 1162 cerevisia
600 1097 726 1163 mittere
738 1097 861 1180 absque
877 1113 1030 1179 expressa
1045 1096 1138 1160 venia
1153 1095 1381 1176 praesidentis.

292 1195 355 1260 Sed
368 1196 400 1259 in
416 1195 549 1276 prandio
565 1203 597 1261 et
612 1212 711 1261 coena
728 1197 846 1277 poterit
861 1196 1033 1278 aliquando
1046 1193 1134 1277 juxta
1149 1195 1383 1276 praescriptum

293 1294 507 1376 praesidentis
519 1295 623 1376 aliqua
637 1295 794 1360 recreatio
807 1295 888 1370 fieri,
899 1304 930 1360 et
942 1295 1091 1360 similiter
1108 1311 1242 1375 peregre
1258 1293 1384 1358 venien-

293 1394 378 1461 tibus
400 1395 492 1460 cibus
515 1403 546 1459 et
562 1402 657 1476 potus
680 1394 710 1457 in
731 1396 804 1459 loco
821 1394 949 1474 publico
972 1393 1101 1477 apponi,
1121 1403 1251 1459 servato
1276 1405 1381 1456 tamen

293 1499 381 1560 omni
397 1493 616 1558 moderamine
631 1509 668 1557 ac
685 1493 865 1560 honestate.
1246 1559 1250 1570 ,

334 1592 457 1657 Nemini
480 1601 585 1657 autern
608 1591 717 1656 licebit
739 1592 900 1672 hospitem
925 1593 964 1657 ad
988 1592 1196 1658 relectionem
1221 1589 1384 1659 adducere

293 1691 342 1756 vel
370 1691 517 1765 invitare,
546 1690 608 1754 nisi
639 1690 728 1770 prius
756 1691 946 1772 tempestive
973 1708 990 1755 a
1021 1691 1224 1773 praesidente
1251 1690 1382 1757 licentia

293 1790 435 1857 obtenta.
453 1789 542 1862 Quod
566 1790 684 1872 siquis
707 1791 738 1853 id
756 1798 855 1856 tentet
880 1808 936 1871 pro
952 1809 1013 1856 suo
1037 1791 1191 1856 arbitratu
1215 1791 1331 1868 lacere,
1349 1799 1382 1856 et

294 1905 357 1954 non
376 1898 469 1969 prout
486 1889 675 1968 praesidens
694 1890 952 1970 praescripserit,
970 1907 1028 1970 pro
1052 1891 1175 1955 ratione
1198 1889 1308 1954 delicti
1326 1906 1385 1971 per

296 1987 530 2067 praesidentem
548 1987 708 2067 punietur.

335 2086 488 2150 Mulieres
511 2104 639 2167 quoque
662 2095 831 2153 extraneae
858 2088 946 2152 nullo
970 2088 1065 2153 modo
1090 2088 1123 2150 in
1146 2087 1286 2169 collegio
1309 2104 1382 2168 per-

296 2193 438 2261 noctare,
459 2193 513 2249 aut
535 2185 672 2266 alicuius
695 2185 878 2251 cubiculum
901 2187 1025 2268 ingredi
1049 2187 1207 2251 sinantur.
1234 2187 1300 2251 lmo
1323 2203 1385 2252 nec

295 2283 493 2348 domesticae
510 2283 626 2348 lectum
641 2283 777 2364 alicuius
793 2294 950 2359 sternant,
965 2294 1018 2350 aut
1030 2286 1213 2351 cubiculum
1228 2293 1383 2367 purgent;

298 2381 355 2446 sed
387 2383 608 2464 unusquisque
638 2400 694 2462 per
723 2383 931 2464 semetipsum
966 2384 997 2448 id
1028 2385 1131 2458 iaciat,
1163 2384 1384 2466 autaliquem

298 2497 432 2562 puerum
446 2483 635 2545 masculum.
651 2481 803 2546 Similiter
821 2483 908 2547 nullo
921 2483 1017 2548 modu
1033 2483 1142 2548 licebit
1153 2483 1201 2548 eis
1213 2483 1384 2547 diuturnas

296 2579 473 2656 sessiones,
513 2580 780 2661 congregationes
819 2591 873 2646 θυι
908 2583 970 2646 θιιθ
1007 2581 1167 2662 colloquia
1204 2590 1313 2646 tenere
1350 2580 1385 2643 in

296 2679 452 2760 coquina;
469 2679 526 2743 sed
543 2679 582 2742 ab
597 2679 781 2761 hujusmodi
803 2690 833 2744 et
848 2680 1073 2745 communibus
1089 2680 1327 2746 incursionibus
1342 2695 1385 2744 ac

297 2777 609 2842 confabulationibus
626 2778 773 2842 volumus
796 2779 967 2860 coquinam
983 2779 1115 2843 omnino
1138 2795 1212 2843 esse
1234 2778 1385 2844 liberam.

341 2877 433 2940 Porta
456 2887 602 2956 tempore
618 2877 741 2958 prandii
766 2886 798 2942 et
813 2895 945 2955 coenae,
963 2888 996 2943 et
1011 2879 1159 2942 similiter
1180 2878 1288 2959 vespri
1304 2879 1385 2942 bora

300 2992 383 3040 nona
407 2973 494 3055 juxta
525 2976 754 3055 praescriptum
784 2976 941 3056 praesidis
967 2994 1097 3058 semper
1125 2977 1290 3042 claudetur
1312 2993 1387 3041 sera

301 3082 473 3149 nocturna;
491 3074 583 3155 cujus
599 3092 690 3140 serae
707 3076 797 3140 solus
815 3076 1005 3156 praesidens
1020 3077 1128 3141 claves
1144 3077 1296 3142 servabit.

340 3173 475 3238 Habebit
491 3174 585 3238 etiam
601 3175 743 3239 omnium
766 3175 986 3241 cubiculorum
1003 3176 1128 3250 claves;
1146 3191 1238 3257 quae,
1257 3175 1391 3254 quando

298 3272 344 3336 illi
373 3271 544 3346 videbitur,
575 3271 726 3345 visitabit,
759 3290 817 3337 nec
853 3275 1034 3355 quempiam
1072 3274 1194 3356 absque
1231 3289 1384 3353 expressa

298 3371 426 3436 licentia
443 3371 475 3434 in
492 3371 623 3435 alterius
639 3371 788 3437 cubiculo
804 3383 994 3452 pernoctare
1013 3374 1161 3453 patietur.

339 3471 469 3552 Siquis
497 3470 575 3535 loris
605 3487 737 3534 coenam
765 3473 950 3552 sumpserit,
978 3473 1107 3536 debebit
1135 3473 1214 3536 nora
1241 3487 1326 3536 nona
1351 3469 1385 3533 iu

298 3571 434 3651 collegio
456 3570 572 3634 adesse
595 3567 656 3633 sub
672 3585 775 3649 poena
799 3570 892 3635 unius
915 3571 1039 3635 sluleri.
1058 3570 1148 3645 Quod
1171 3571 1198 3634 sl
1216 3569 1294 3635 loris
1311 3585 1385 3649 per·

299 3668 487 3743 noclaverit,
513 3669 624 3750 perdet
647 3668 776 3732 bursam
799 3687 890 3733 suam
915 3688 972 3750 pro
1001 3687 1064 3735 uno
1092 3687 1219 3746 mense;
1244 3668 1328 3750 quod
1356 3667 1385 3732 si

299 3778 403 3834 autem
434 3769 612 3833 clanculum
639 3768 768 3833 aliunde
790 3787 883 3850 quam
912 3786 968 3851 per
994 3770 1112 3836 ostium
1139 3769 1309 3850 collegium
1335 3767 1387 3830 in·

298 3885 430 3952 gressus
455 3868 559 3944 luerit,
584 3878 637 3932 aut
662 3869 744 3931 clam
771 3869 918 3949 praeside
945 3869 1024 3934 loris
1050 3868 1297 3950 pernoctaverit,
1322 3865 1385 3930 nisi

299 3970 368 4049 ipse
384 3969 466 4032 intra
484 3967 623 4031 triduum
641 3967 916 4048 pernoctationem
933 3985 1023 4033 suam
1042 3977 1095 4032 aut
1111 3985 1205 4033 suum
1221 3965 1384 4031 occultum

296 4067 462 4131 introitum
480 4065 675 4147 praesidenti
696 4066 778 4130 ultro
795 4066 996 4144 indicaverit,
1015 4069 1076 4132 lroc
1093 4067 1164 4148 ipso
1179 4067 1240 4132 erit
1261 4065 1295 4128 in
1311 4081 1384 4145 per·

297 4175 427 4247 petuum
441 4165 537 4229 bursa
551 4165 707 4246 privatus;
726 4174 767 4239 et,
783 4165 810 4229 si
827 4166 993 4232 convictor
1008 4174 1068 4243 est,
1084 4165 1225 4248 ablegari
1240 4161 1383 4230 debebit.
