3232 4942
722 417 906 508 ..gug-

269 605 402 679 Gallica,
431 604 552 680 ltalica,
582 604 764 686 Hispanico,
792 604 980 671 Germanica
1009 624 1017 669 :
1045 605 1125 670 aliae
1151 604 1354 682 vernaculae,

271 723 352 786 quae
368 705 481 785 partim
498 722 515 768 a
531 705 662 780 Gallica,
681 706 794 784 partim
811 722 827 768 a
844 703 1031 770 Germanica
1052 705 1143 770 nobis
1160 705 1354 786 dependent.

273 805 333 868 sad
352 815 490 880 nostrae,
510 805 698 886 nescioquo
715 805 900 878 vitio‚xiles
921 815 996 870 sunt
1013 821 1020 868 :
1040 821 1133 868 usum
1158 805 1356 886 pretiumque

273 913 377 967 mutae
393 912 424 968 et
440 903 627 984 peregrinae
644 903 771 968 babent.
787 903 839 968 Sic
854 903 938 984 quod
956 903 1008 966 alii
1025 919 1095 968 cum
1113 904 1195 968 lacte
1211 913 1355 968 materno

273 1003 433 1066 sermonis
449 1001 639 1066 beneficium
656 1003 817 1076 hauriunt,
833 1002 925 1067 nobis
941 1003 1052 1067 labore
1067 1003 1254 1083 quaeritur:
1269 1012 1301 1068 et
1318 1019 1356 1068 ue

275 1099 387 1182 Belgae
403 1101 517 1175 simus,
535 1101 678 1166 omnium
694 1103 837 1181 gentium
853 1118 910 1166 ore
927 1101 1098 1182 loquimur.
1114 1101 1245 1184 Linguis
1262 1101 1357 1183 igitur

274 1201 438 1264 discendis
454 1201 612 1282 occupati.
631 1219 737 1266 rorum
755 1201 878 1266 umbris
899 1201 1067 1284 fatigamus
1090 1201 1243 1276 indolem,
1260 1216 1358 1282 saepe

277 1314 339 1364 nou
370 1301 566 1376 facundiam,
594 1303 650 1365 sed
680 1301 899 1383 garrulitatem
928 1302 1132 1382 adoptamus.
1161 1305 1241 1382 apte
1270 1301 1357 1382 loqui

276 1399 386 1478 paucis
412 1399 543 1464 omnino
574 1416 764 1466 concessum
793 1409 860 1474 est;
892 1401 965 1482 quia
995 1401 1075 1466 satis
1106 1400 1231 1466 ridetur
1256 1399 1354 1482 loqui.

273 1498 345 1577 apti
365 1498 508 1563 ridemur
530 1498 658 1580 linguis,
676 1500 749 1580 quia
774 1499 823 1564 bis
847 1501 1035 1580 plerumque
1058 1509 1206 1566 conatum
1230 1515 1357 1564 onmem

274 1597 529 1678 industriamque
549 1599 757 1662 terminamus
776 1621 783 1662 :
801 1599 981 1679 linguarum
1000 1598 1124 1662 animas
1145 1607 1230 1664 artes
1250 1598 1358 1663 sobrie

274 1695 476 1775 inspicimus.
505 1696 594 1760 Unde
620 1697 820 1762 remedium‘.l
846 1715 864 1759 a
891 1701 973 1760 botta
1000 1697 1214 1762 institutione.
1238 1697 1357 1762 lterum

276 1793 522 1859 instrumentum
536 1812 643 1860 sermo
656 1807 722 1860 est:
735 1797 788 1860 bic
800 1796 973 1876 parandus,
983 1795 1168 1878 priusquam
1182 1812 1234 1861 res
1246 1812 1359 1878 aggre-

275 1893 411 1957 diamur.
431 1893 593 1958 Parandus
611 1912 681 1972 usu,
699 1895 793 1960 etiam
817 1895 965 1963 latinum
984 1911 1064 1976 quae
1087 1895 1276 1976 brevissima
1293 1894 1359 1960 dis·

275 1993 369 2056 ceudi
386 1992 436 2056 via
452 2003 513 2058 est.
530 1993 590 2058 Sed
617 1993 769 2076 magister
790 1995 992 2060 necessarius
1015 2003 1075 2070 est,
1093 2005 1159 2058 tum
1175 1995 1311 2060 comites
1327 2005 1359 2059 et

277 2091 504 2174 mittistri,qui
527 2093 764 2174 colloquantur.
790 2091 956 2158 Caeterum
980 2109 1061 2174 quae
1083 2093 1239 2174 omnium,
1262 2093 1358 2158 etiam

276 2190 369 2253 unius
386 2191 512 2272 linguae
534 2193 676 2257 conditio
701 2204 761 2265 est,
779 2193 838 2256 nisi
865 2209 957 2256 unam
981 2193 1066 2256 illam
1091 2203 1178 2257 extra
1201 2193 1359 2257 humanae

275 2289 439 2354 societatis
456 2289 536 2356 ltnes
551 2291 728 2372 ejiciamus.
743 2292 851 2374 Cogita
868 2309 995 2358 curnem
1009 2293 1148 2373 linguam
1162 2309 1255 2356 unam
1271 2308 1358 2365 esse,

275 2405 355 2467 quae
381 2393 552 2454 vernacula
581 2409 642 2454 non
670 2402 720 2455 est
744 2413 751 2454 :
777 2391 920 2455 Latinam
947 2408 1032 2468 esse,
1060 2407 1154 2472 quam
1181 2391 1267 2455 domi
1296 2408 1359 2456 uon

274 2487 457 2553 didicimus.
472 2489 556 2553 Usus
572 2507 757 2571 serraquae
776 2507 838 2555 nou
855 2500 917 2562 est,
931 2491 1134 2555 vernaculam
1148 2489 1252 2554 saciet.
1269 2487 1359 2554 Nulla

277 2585 444 2648 nobiscum
468 2587 626 2662 nascitur3
650 2589 794 2670 quaeris,
813 2599 845 2654 ut
868 2589 916 2652 sic
938 2589 1053 2667 dicam,
1071 2588 1216 2668 adoptari
1241 2597 1357 2668 potest.

273 2683 407 2747 Romani
432 2685 491 2764 ipsi
517 2703 579 2749 nou
601 2687 662 2750 alia
686 2688 809 2752 ratione
833 2687 933 2752 Latini
953 2695 1062 2762 ercnt;
1081 2687 1231 2768 prompti,
1250 2689 1354 2768 prius·

276 2801 369 2864 quam
395 2786 550 2849 nutricem
574 2787 790 2867 reliquissent.
815 2786 873 2851 Tot
896 2788 1079 2852 scholarum
1103 2787 1253 2868 ambages
1277 2787 1360 2852 inter

276 2883 452 2964 crepundia
466 2885 617 2961 latebant,
632 2895 679 2951 tot
691 2896 861 2967 praecepta
874 2887 1076 2952 consuetudo
1089 2887 1247 2950 vincebat.
1259 2886 1361 2950 Hodie

276 2993 339 3046 tota
357 2985 491 3064 pueritia
508 2996 538 3048 et
553 2985 770 3051 adolescentia
786 2997 974 3067 occupatur,
992 2999 1024 3052 et
1047 2985 1232 3067 imperiecta
1255 2987 1360 3052 adbuc

274 3082 413 3147 latinitas
426 3092 485 3147 est.
501 3083 577 3162 Viri,
591 3085 759 3150 exantlatis
772 3086 955 3150 scholarum
969 3086 1146 3162 laboribus,
1160 3085 1359 3159 balbutiunt;

276 3181 381 3261 etqui
405 3183 558 3247 scientias
582 3192 716 3250 tractant
736 3183 808 3248 rudi
831 3184 949 3248 audent
971 3184 1077 3266 lingua
1103 3184 1245 3249 conteuti
1272 3199 1357 3250 esse.

276 3279 342 3362 Ego
365 3281 537 3362 aliquando
560 3283 600 3348 de
622 3283 758 3365 collegio
785 3283 933 3370 cogitavi,
958 3283 1015 3348 sed
1041 3283 1214 3358 nobilium;
1241 3284 1271 3346 iu
1296 3301 1360 3364 quo

276 3381 366 3460 pueri
383 3382 544 3447 decennes
568 3381 730 3464 ingenium
749 3383 955 3464 animumque
977 3384 1121 3448 colerent
1139 3405 1146 3446 :
1165 3391 1238 3446 aute
1253 3387 1360 3446 otnrria

276 3479 414 3561 linguam
443 3481 583 3544 Latinam
612 3499 670 3546 usu
697 3481 892 3546 discerent:
922 3483 997 3546 binc
1026 3493 1130 3557 artes;
1158 3483 1214 3547 sed
1243 3480 1360 3563 quibus

276 3579 427 3644 nobilitas
440 3581 642 3660 potissimum
656 3591 875 3647 exornaretur.
889 3585 985 3646 Usum
999 3593 1102 3647 tamen
1118 3581 1214 3645 nolim
1225 3597 1360 3661 prorsus

279 3679 397 3744 uudum
421 3697 512 3754 esse;
528 3698 639 3747 verum
662 3681 808 3748 subsidio
827 3681 1091 3748 brevissimarum
1117 3691 1360 3764 praeceptorum

274 3775 377 3856 juvari
393 3795 430 3844 ac
448 3780 593 3844 stabiliri.
614 3781 736 3845 Etenim
753 3783 779 3844 si
797 3781 928 3846 biennio
945 3780 1162 3853 absolvantur,
1180 3797 1261 3862 quae
1276 3777 1359 3844 deti·

279 3895 354 3942 nere
370 3883 570 3956 sexennium,
588 3899 684 3960 saepe
704 3881 894 3948 decennium
911 3881 1029 3956 solent,
1047 3897 1162 3963 magno
1178 3897 1256 3946 sane
1272 3895 1361 3944 eom·

279 3979 396 4058 pettdio
411 3980 449 4043 ad
474 3981 686 4046 maturitatem
704 3981 829 4062 iugeuia
852 3981 1024 4044 enitantur.
1045 3981 1126 4044 Puer
1141 3981 1290 4060 quisque,
1309 3979 1358 4042 rel

278 4076 343 4139 bini
366 4088 420 4142 aut
442 4079 564 4160 plures,
581 4097 641 4145 suc
667 4089 698 4144 et
724 4092 849 4144 rectore
875 4090 907 4144 et
930 4080 1059 4154 latuulo,
1076 4079 1186 4144 lutino
1211 4090 1359 4158 utroque,

282 4186 458 4244 uterentur.
472 4177 631 4244 Numerus
648 4179 817 4244 uniuersus
832 4178 964 4244 vicenos
981 4197 1044 4244 non
1059 4178 1228 4244 excederet
1239 4177 1360 4252 ;.etiam
