3130 4956
719 517 911 590 „popm

273 725 349 780 nere
364 721 508 795 possunt,
533 715 725 780 transierunt
750 715 781 778 in
804 714 992 781 antedictam
1016 713 1196 780 facultatem
1218 711 1349 790 artium,

272 813 357 878 salva
384 811 566 877 fundatione
591 813 666 877 dicti
693 814 852 894 quondam
880 813 1020 894 magistri
1044 812 1145 877 Caroli
1163 812 1275 888 viruli,
1301 813 1353 878 sic

271 920 375 976 lamen
398 911 482 992 quod
506 912 685 977 omnimoda
712 914 853 996 regentia
875 923 905 977 el
928 911 1161 976 administratio
1188 927 1225 976 ac
1248 912 1349 976 libera

271 1009 439 1089 dispositio
455 1009 538 1074 dicte
554 1011 706 1092 regentia,
720 1010 1006 1075 administrationis
1019 1020 1049 1074 et
1061 1007 1348 1090 domus‚deinceps

272 1107 332 1173 erit
357 1123 455 1188 penes
480 1109 669 1173 antedictam
692 1109 869 1174 facultatem
893 1109 1019 1184 artium,
1043 1118 1073 1172 el
1088 1107 1176 1190 quod
1200 1108 1350 1184 lucras·

271 1221 333 1288 que
347 1223 386 1270 ex
402 1207 542 1287 regentia
558 1217 587 1272 et
603 1207 876 1272 administratione
891 1207 974 1271 dicte
986 1206 1100 1272 domus
1116 1216 1148 1270 et
1165 1206 1348 1288 pedagogii,

271 1319 343 1368 cum
359 1304 453 1369 domo
476 1313 507 1370 et
532 1305 624 1370 lrorto
646 1307 678 1368 in
702 1307 802 1386 platea
825 1306 1072 1386 Flamingorum
1090 1305 1225 1386 aliisque
1254 1305 1351 1369 bonis

271 1403 476 1482 supradictis,
504 1403 610 1466 haberi
639 1413 787 1484 poterunt
807 1421 904 1484 supra
931 1419 1027 1469 onera
1055 1412 1246 1468 testamento
1271 1403 1351 1468 dicti

272 1501 374 1566 Caroli
391 1500 541 1582 injuncta,
559 1511 591 1567 et
604 1519 667 1584 que
689 1503 810 1568 ratione
832 1503 1024 1583 receptionis
1046 1511 1078 1566 el
1097 1503 1349 1582 computationis

270 1609 444 1682 emergent,
462 1601 616 1681 equaliter
637 1601 1075 1678 dividentur,'distribuentur
1098 1610 1130 1665 et
1150 1601 1265 1666 cedent
1281 1615 1351 1666 mc·

270 1698 378 1763 diatim
401 1700 432 1762 in
456 1708 657 1779 augmentum
681 1701 799 1782 prioris
820 1699 1014 1765 fundationis
1039 1707 1230 1764 testamento
1258 1709 1349 1765 aute·

270 1798 344 1863 dicti
362 1799 481 1864 domini
497 1800 601 1866 Caroli
616 1799 859 1882 comprehense,
878 1799 1035 1864 mediatim
1052 1815 1127 1863 uero
1144 1798 1176 1861 in
1192 1814 1347 1880 augmen-

271 1906 337 1962 tum
363 1908 394 1962 et
421 1899 712 1979 multiplicationem
736 1899 878 1964 secunde
898 1897 1093 1962 fundationis
1114 1905 1148 1962 et
1173 1897 1345 1961 bursarum

272 2011 329 2076 pcr
353 1997 544 2062 antedictum
571 1985 782 2062 uenerabilem
804 1997 906 2061 virum
927 2007 957 2062 et
980 1996 1142 2062 domiuum
1166 1995 1344 2061 iohannem

271 2095 388 2160 lleems
415 2095 624 2170 fundatarum,
651 2113 687 2161 ea
713 2105 816 2161 tamen
843 2095 1027 2160 conditione
1051 2104 1083 2160 et
1104 2096 1174 2176 lege
1200 2095 1300 2176 quod,
1317 2096 1345 2160 si

269 2194 402 2260 facultas
417 2196 531 2261 artium
553 2196 797 2261 commodanon
816 2195 917 2275 possit
939 2194 1081 2259 iuvenire
1097 2203 1272 2276 regentem,
1290 2195 1345 2276 qui

270 2291 405 2372 aliquam
436 2295 622 2374 pensionem
654 2311 690 2358 ex
725 2309 855 2358 inuuere
885 2293 1027 2374 regentia
1053 2293 1127 2357 velit
1156 2301 1211 2357 aut
1243 2293 1347 2372 possit

270 2391 487 2470 superaddere
512 2395 550 2456 ad
579 2409 670 2457 usum
696 2393 850 2456 dictarum
876 2391 1108 2468 fundationum,
1125 2392 1210 2472 quod
1238 2391 1348 2456 licebit

269 2489 411 2555 facultati
436 2507 601 2557 assumere
626 2502 799 2574 regentem,
827 2490 880 2572 qui
904 2492 1085 2555 universam
1112 2490 1289 2571 regenliam
1314 2497 1348 2555 ct

270 2587 576 2656 administrationem
593 2607 652 2655 suo
669 2607 767 2654 onere
782 2599 813 2654 cl
828 2589 996 2654 commodo
1012 2589 1125 2654 habeat
1140 2589 1263 2670 absque
1280 2588 1344 2652 olla

270 2687 435 2769 pensionis
447 2689 606 2754 solutione
618 2697 649 2753 el
660 2688 869 2769 prestationc;
889 2703 947 2752 nec
963 2695 1111 2768 poterunt
1126 2687 1202 2752 dicti
1218 2686 1341 2752 domini

270 2795 458 2851 executores
472 2795 503 2851 et
518 2787 570 2850 alii
586 2787 777 2868 quicumque
793 2787 823 2848 in
841 2786 900 2849 lrac
921 2801 956 2850 re
978 2801 1052 2850 sese
1074 2785 1231 2851 facultatis
1255 2786 1344 2850 ordi·

270 2885 391 2950 nationi
411 2901 574 2966 opponere
595 2893 648 2949 aot
669 2885 899 2958 conuadicere,
923 2884 991 2948 sive
1011 2883 1073 2948 sub
1096 2884 1250 2965 pensione
1274 2883 1343 2949 siue

270 2983 391 3064 absque
406 2984 560 3064 pensione
576 2984 716 3064 regentia
731 2983 937 3056 concedatur,
951 2985 1007 3046 scd
1025 2991 1087 3046 tota
1103 2983 1230 3047 haeres
1247 2983 1347 3047 stabit

270 3082 401 3146 arbitrio
421 3092 452 3146 et
471 3082 657 3147 discretioni
680 3082 782 3162 ipsius
803 3081 971 3146 lucullalis.
997 3081 1032 3145 llt
1054 3081 1166 3145 eodem
1192 3082 1286 3146 modo
1310 3083 1343 3144 in

270 3181 497 3261 supputatione
522 3189 552 3246 et
573 3180 755 3261 receptione
780 3180 936 3244 dictorum
959 3180 1259 3256 emolumentorum,
1282 3197 1346 3262 que

270 3278 385 3343 suturis
407 3279 602 3361 temporibus
627 3288 775 3359 poterunt
797 3294 1092 3360 superexcrescere,
1119 3278 1195 3344 dicti
1221 3279 1345 3344 domiui

268 3387 458 3443 executores
482 3387 536 3442 aul
562 3378 745 3458 provisores
770 3393 843 3442 sese
870 3393 932 3441 non
956 3377 1145 3452 miscebunt,
1170 3377 1226 3442 sed
1249 3379 1283 3441 iu
1306 3394 1347 3442 eo

271 3475 399 3541 stabunt
413 3474 625 3552 affirmationi,
639 3476 823 3540 discretioni
839 3485 871 3540 et
886 3474 958 3539 ildei
970 3475 1173 3540 dominorum
1188 3476 1228 3541 de
1243 3476 1345 3540 lacul-

272 3580 336 3639 tate
350 3573 476 3638 artium.
500 3575 564 3639 Nec
587 3573 774 3654 pretendent
795 3573 869 3638 dicti
885 3574 1004 3638 domini
1018 3585 1219 3650 executores,
1236 3574 1347 3656 provi-

272 3688 364 3738 sores
380 3683 433 3738 aut
455 3673 588 3738 lrercdes
609 3673 760 3753 deinceps
783 3672 909 3753 aliquod
930 3671 983 3753 jus
1005 3674 1054 3737 vel
1070 3673 1295 3740 authoritatem
1312 3674 1345 3737 in

272 3769 354 3835 dicta
377 3773 472 3836 domo
495 3772 544 3837 vel
568 3773 710 3853 regentia
733 3771 931 3852 pedagogiali
947 3772 1039 3837 aliter
1054 3789 1147 3854 quarn
1164 3773 1261 3838 ceteri
1277 3773 1347 3838 lun·

274 3868 401 3936 datores
416 3871 547 3936 aliarum
563 3870 742 3936 bursarum.
759 3873 849 3946 Acri,
868 3870 947 3948 Vlll,
965 3871 1019 3936 lol.
1038 3870 1147 3937 ldlbis
1164 3884 1193 3935 r⁰
1208 3881 1240 3938 et
1255 3883 1298 3936 νο.

318 4069 373 4133 llic
397 4068 544 4147 cultelli,
560 4069 795 4152 catillamenta·
818 4070 855 4150 (l)
879 4069 969 4146 1560,
991 4070 1030 4136 ad
1056 4069 1166 4136 horam
1192 4069 1350 4137 decimam

313 4279 355 4360 (1)
375 4279 418 4345 On
431 4300 447 4346 lt
460 4281 536 4346 eunuc
549 4283 608 4366 plus
622 4283 679 4346 land
692 4284 716 4344 le
728 4289 784 4346 mol
796 4289 927 4358 collatini,
937 4289 965 4344 cl
978 4284 1110 4362 supprime
1122 4283 1147 4343 le
1160 4286 1274 4362 premier
1284 4305 1307 4344 a
1319 4287 1353 4349 de

309 4381 362 4458 tid.
