3252 4954
771 444 955 506 -ute-

321 624 532 687 lustitutiunes
562 621 675 704 linpnee
703 623 862 694 ltelroirre.
894 640 1026 704 querum
1058 625 1219 704 exemplar
1255 625 1406 689 editionis

319 722 522 796 parisiensis,
541 724 643 786 lnctne
665 722 747 802 opud
765 721 964 788 Weetrelium
982 739 1067 788 nono
1087 723 1178 788 toto.
1197 724 1259 787 vidi
1284 725 1314 786 in
1337 725 1405 788 oris

320 833 352 886 et
369 821 566 902 marginibus
593 823 777 903 oltnrtisnue
800 823 999 900 interpositis
1016 823 1129 886 Valerii
1148 824 1293 888 Andreae
1310 841 1403 888 runnu

320 929 387 984 toto
404 939 501 1000 opere
517 931 642 984 uuotum
659 939 696 984 ue
716 921 958 1002 locupletatum,
979 939 1061 986 novo
1078 923 1139 985 troo
1155 923 1246 986 titulo
1265 945 1272 985 :
1294 924 1405 988 Grum-

318 1024 431 1082 moticn
446 1020 565 1083 ltelraeo
581 1039 596 1082 e
611 1023 705 1083 uariis
720 1021 875 1099 opusculis
901 1021 975 1084 lllire
993 1023 1114 1095 Lenito,
1130 1024 1403 1102 prommutieorum

318 1123 454 1182 omnium
477 1121 567 1198 [uelle
587 1120 746 1200 principis,
765 1120 836 1182 olim
858 1121 979 1202 quidem
1001 1124 1181 1183 concinnato
1206 1127 1236 1182 et
1254 1121 1405 1184 delineata

319 1221 474 1285 ulumnre
490 1221 654 1300 Cannensi
672 1219 774 1298 Brlpo.
792 1220 911 1296 pnlrliro
928 1221 1039 1298 liupuoe
1055 1219 1200 1282 ltebruirto
1223 1223 1254 1282 in
1278 1220 1406 1300 eollepio

323 1318 475 1398 Trilinpni
495 1318 678 1381 llnslnlionu
700 1319 781 1398 opud
804 1319 1009 1382 Louuuienset
1031 1319 1103 1380 olim
1124 1321 1307 1398 professore,
1325 1337 1408 1380 rtune

319 1434 388 1477 uero
417 1435 435 1479 o
467 1417 581 1480 Valerio
609 1417 734 1479 Andreo
759 1416 893 1480 Desreliu
918 1417 1049 1494 ejusdem
1077 1417 1223 1480 ledroirae
1246 1419 1277 1479 iu
1301 1417 1405 1480 eodem

319 1515 443 1594 rollepio
469 1518 640 1594 professore
662 1517 819 1587 recensito,
845 1522 934 1596 utque
959 1516 989 1576 iu
1013 1516 1148 1578 ordinem
1171 1516 1404 1578 commodiorem

318 1617 447 1695 dipertu.
465 1615 586 1678 ludiont
609 1615 662 1678 lrio
684 1613 828 1677 Valerius
854 1613 1009 1683 Andreas.
1029 1615 1058 1675 in
1084 1615 1317 1686 Adrtitomentr'r,
1335 1615 1405 1678 loon

319 1715 437 1782 omnin.
456 1731 538 1794 ortae
553 1715 740 1794 Campensis
757 1731 794 1778 en
811 1714 876 1778 Elio
894 1715 1084 1795 desumpsit.

363 1913 402 1974 Lo
429 1911 654 1992 Bibliotlreque
683 1910 723 1975 de
750 1911 955 1976 l'Universite
985 1910 1169 1992 catholiqoe
1195 1911 1235 1974 de
1261 1911 1404 1974 Louvniu

320 2009 459 2090 possede
476 2027 538 2074 une
555 2010 713 2090 pinquette
731 2009 958 2086 interessente‚
972 2011 1167 2074 reulermaut
1179 2009 1262 2074 deun
1279 2009 1358 2073 odes
1374 2018 1406 2074 et

320 2125 382 2172 une
405 2107 509 2188 elegio
534 2108 614 2171 dues
634 2108 653 2170 d
682 2107 896 2172 liure-Vulere
923 2106 1043 2182 Andre,
1067 2107 1144 2171 eure
1170 2107 1209 2171 de
1234 2107 1404 2182 >Dessoltei‚

319 2224 397 2269 sans
413 2208 509 2270 doute
526 2225 566 2272 un
585 2217 695 2288 pureut
712 2207 750 2271 de
762 2207 874 2272 Valere
889 2205 1008 2271 Andre.
1025 2208 1109 2270 Dens
1125 2205 1247 2287 l'dldgie
1260 2205 1405 2271 intitulee

318 2305 428 2388 Apollo
454 2306 634 2386 Triliupnir,
653 2305 786 2370 l'uuteur
806 2306 860 2369 luit
884 2305 996 2386 l'eloge
1018 2305 1059 2368 du
1085 2304 1208 2386 college
1222 2305 1280 2368 des
1299 2303 1408 2368 Trois-

322 2405 484 2484 pinguem
505 2405 532 2468 la
547 2405 704 2486 premiere
720 2405 781 2470 ode
804 2415 853 2470 est
868 2403 981 2468 dediee
1003 2403 1020 2468 ir
1042 2403 1118 2468 ioan
1137 2404 1243 2468 Andre
1258 2405 1297 2481 tle
1321 2404 1407 2468 frere

318 2521 359 2568 ou
377 2504 490 2570 t’oncto
506 2505 545 2568 de
560 2504 692 2583 Valere).
711 2505 740 2568 ln
758 2505 898 2570 seconde
920 2503 936 2567 t
954 2503 1065 2568 Valere
1085 2503 1190 2567 tndre'
1216 2503 1404 2576 lui-meme;

318 2604 399 2668 dens
423 2603 547 2668 uelle-oi
565 2621 605 2668 oo
630 2603 685 2666 snit
701 2603 813 2683 l'dloge
832 2603 890 2668 des
908 2603 1113 2684 prolesseurs
1129 2603 1260 2666 artoinus
1277 2611 1307 2667 et
1323 2617 1405 2666 nou-

317 2721 418 2766 venux
441 2704 481 2767 du
500 2703 623 2784 college
639 2703 678 2768 de
702 2703 885 2766 Busleiden.
902 2703 989 2767 Nous
1006 2702 1154 2767 donnons
1171 2702 1357 2766 oi-dessous
1374 2701 1403 2764 la

317 2802 515 2882 description
533 2802 691 2882 complete
706 2811 737 2866 ot
753 2801 904 2882 l'aontyse
920 2802 960 2866 de
979 2819 1015 2866 oe
1032 2802 1108 2883 petit
1125 2801 1263 2876 volume,
1282 2802 1334 2882 qui
1351 2810 1404 2866 est

317 2901 550 2966 entremement
573 2917 657 2975 rnre,
675 2901 701 2965 si
727 2918 783 2980 pus
801 2901 920 2982 unique
938 2921 945 2962 :

359 3003 458 3065 Murci
478 3001 585 3064 Volerl
604 3001 734 3066 Audreae
756 3001 865 3080 Apollo
881 2998 1035 3080 trilinpuis
1054 3023 1063 3060 :
1079 3001 1139 3062 siue
1157 2999 1199 3061 lle
1214 3001 1313 3064 Musis
1335 2999 1405 3063 Col-

316 3102 388 3181 lepii
420 3101 583 3181 Trr'linpuis
613 3100 795 3174 Busllrlioni,
827 3117 863 3162 oe
891 3099 1017 3163 Litteris
1053 3100 1243 3180 Linpuisqne
1277 3101 1407 3164 Louonii

318 3201 548 3263 renuerentilrur
571 3201 666 3280 elepiu
689 3200 730 3262 od
751 3201 789 3262 R.
819 3200 852 3263 V.
880 3199 916 3262 u.
935 3199 1081 3262 lunonem
1105 3199 1271 3272 Andreom,
1297 3199 1405 3277 Lyturn

322 3297 516 3376 Yteotopum,
533 3297 567 3362 S.
586 3299 622 3360 P.
643 3297 681 3375 Q.
706 3296 921 3360 llesselrellono
943 3299 962 3359 ὰ
989 3299 1071 3359 euris
1094 3303 1123 3359 et
1140 3295 1245 3374 officiis
1265 3303 1405 3378 postoru-

317 3397 410 3460 lidns.
429 3396 571 3470 Lornnii,
592 3395 673 3476 typis
696 3395 879 3476 christoph.
899 3395 998 3466 Flavi.
1018 3412 1101 3458 anno
1125 3395 1223 3460 toll:
1242 3395 1304 3458 vol.
1323 3393 1406 3457 in-80

318 3496 360 3560 de
385 3495 424 3558 16
451 3511 548 3576 peges
581 3511 644 3557 non
674 3493 837 3558 chiffrees.
866 3495 1054 3574 L'opuscole
1080 3493 1207 3557 s'ouvre
1237 3511 1294 3573 par
1323 3492 1405 3558 l'ode

317 3592 432 3657 deditio
454 3609 492 3655 nu
517 3593 594 3657 oure
616 3593 656 3656 de
680 3593 844 3667 Dessolret
868 3595 942 3656 leun
967 3593 1075 3656 Andre
1093 3611 1100 3655 :
1120 3593 1293 3656 Reuerendo
1316 3599 1406 3674 otone

319 3692 450 3756 Eruditu
482 3692 564 3764 Viro,
588 3693 627 3754 D.
652 3691 764 3753 loanni
790 3693 931 3765 Arrdreoe,
956 3693 1040 3771 Lptte
1063 3691 1212 3772 tdeulopo
1242 3692 1276 3755 S.
1302 3693 1340 3754 P.
1365 3692 1404 3769 Q.

322 3788 538 3853 Dessrlellono
560 3790 579 3851 d
599 3789 689 3852 Curis
711 3795 738 3851 et
755 3789 869 3868 Officiis
889 3789 1111 3871 pastoralibus,
1130 3793 1248 3855 llorere
1265 3791 1408 3854 Andreas

322 3891 358 3953 1..
377 3889 419 3952 Μ.
440 3889 476 3950 Ι).
497 3888 531 3952 C.
551 3887 588 3966 Q.
606 3890 668 3968 (pp.
688 3887 770 3966 Ml:
796 3889 860 3952 suit
882 3887 1010 3969 l'Apollo
1035 3889 1201 3967 Tritinpuis
1223 3891 1287 3968 (pp.
1306 3888 1406 3966 dili:

320 3986 407 4050 enlm
435 3987 464 4051 le
489 3985 617 4050 volume
639 4003 675 4050 se
700 3986 834 4050 termine
857 4002 913 4066 par
940 4003 1002 4051 one
1024 3986 1086 4050 ode
1108 4003 1147 4050 eu
1174 3985 1345 4051 l'lronneur
1368 3988 1409 4052 de

320 4085 433 4148 Volero
461 4083 568 4148 Andre
599 4107 605 4147 :
638 4086 721 4148 idem
752 4085 887 4162 {Marcus
921 4084 1074 4162 Valerius)
1106 4084 1287 4148 doctissimo
1322 4087 1407 4161 Viro,

321 4185 453 4248 Aurlreo
480 4183 600 4248 Volerr'o
624 4183 808 4256 Dessrltelio
831 4186 958 4264 liupuu
979 4192 1093 4247 saneto
1118 4185 1151 4246 in
1175 4183 1308 4265 Cullepio
1338 4186 1411 4249 Tri-
