3186 4942
684 363 807 426 -353
833 397 870 409 -

231 541 284 606 die
313 542 523 607 decimanona
549 541 668 625 Aprilis
683 564 710 605 u.
728 541 798 608 Vol.
815 543 846 606 in
875 543 963 618 tolio,
991 543 1114 626 absque
1129 543 1317 625 paginarum

232 641 388 716 numeris,
416 651 570 706 constans
597 641 799 706 ternionibus
825 642 960 724 signatis
978 663 986 704 :
1004 658 1034 717 u,
1052 643 1084 717 b;
1102 661 1167 718 u-z,
1184 661 1316 722 ou-mru,

229 749 263 805 et
277 741 543 821 quaternionibus
559 741 694 824 signatis
710 765 718 805 ε
736 743 821 808 Α-(ἕ.

272 839 308 903 in
335 839 439 920 capite
463 840 558 920 hujus
582 840 768 914 voluminis,
794 840 878 920 qnod
902 840 989 921 iuxta
1017 856 1138 904 morem
1166 849 1318 923 typogra-

230 939 359 1020 phicum
376 940 486 1004 seculo
508 940 761 1020 decimoquinto
778 949 955 1019 receptum,
973 941 1066 1004 titulo
1083 949 1182 1016 carel,
1200 941 1318 1022 legitur

230 1038 370 1118 elogium
395 1038 528 1102 loannis
554 1038 594 1102 de
622 1042 713 1102 Beets
743 1039 936 1118 inscriptum
965 1061 972 1100 ι
1000 1039 1051 1102 En
1077 1038 1155 1101 libro
1181 1040 1317 1102 deutris

229 1135 400 1200 illustribus
414 1141 496 1200 sueri
510 1138 629 1201 ordinis
643 1141 778 1219 oitpinee
799 1139 853 1201 liei
876 1137 1037 1203 Genitricis
1047 1138 1147 1203 Morte
1162 1137 1199 1200 tle
1212 1141 1318 1203 Monte

231 1233 392 1310 Carmelo,·
408 1237 491 1316 quod
510 1236 561 1300 hic
577 1235 857 1301 transcribendum
874 1237 1025 1301 duximus
1042 1257 1050 1298 :

272 1355 285 1392 u
303 1333 464 1398 lohannes
481 1335 587 1411 Beets,
605 1338 718 1399 doctor
741 1336 949 1416 conspicuus,
969 1335 1066 1398 multa
1090 1345 1237 1415 prestans
1256 1335 1317 1399 vir·

228 1440 307 1510 tute,
326 1434 357 1496 in
380 1434 579 1498 acutissimis
601 1434 856 1514 disputationum
879 1434 1109 1499 certaminibus
1132 1435 1251 1510 clarus,
1275 1435 1314 1499 ad

225 1531 353 1612 obiecta
380 1543 493 1597 curtata
518 1533 717 1613 responsalis
742 1534 1016 1614 promptissimus,
1041 1533 1316 1615 concionaturque

227 1631 399 1696 admodum
417 1633 586 1708 facundus,
603 1632 697 1713 cnjus
713 1650 777 1697 non
797 1633 930 1696 intimus
946 1634 1021 1713 [lepe
1037 1633 1154 1710 miuus]
1174 1632 1315 1696 animum

227 1730 329 1804 irons,
357 1747 451 1811 geue,
476 1730 574 1803 oculi,
601 1731 703 1806 color,
732 1731 912 1811 modusque
939 1731 1027 1794 vocis
1053 1731 1195 1812 pandere
1220 1747 1314 1816 qnam

225 1828 323 1894 verba
339 1829 545 1904 ridebantur,
562 1837 594 1892 et
610 1829 691 1894 adeo
712 1829 890 1909 gratiosus,
909 1837 943 1894 ut
958 1847 996 1894 ex
1018 1828 1242 1893 concionantis
1257 1845 1314 1894 ore

224 1929 401 2010 pendentes
418 1939 552 1993 cunctos
568 1928 763 2010 aspexisses,
782 1929 895 1993 salutis
919 1937 1031 1992 eterne
1048 1928 1197 2008 poculum
1218 1943 1313 2007 quem

225 2028 372 2092 mulieris
387 2027 462 2108 [leqe
478 2027 599 2106 multis]
621 2027 815 2108 propinavit,
833 2027 1084 2108 memoriamque
1104 2027 1154 2090 sui
1173 2027 1313 2106 posteris

224 2126 300 2208 [lepe
329 2127 481 2207 posteris]
512 2127 545 2190 in
575 2127 802 2192 benedictione
831 2126 973 2209 reliquit.
1003 2125 1080 2189 Nam
1108 2125 1311 2188 multitariam

225 2225 371 2290 doctrine
390 2225 534 2290 ubertate
557 2225 733 2307 profluens,
751 2226 833 2290 inter
855 2226 916 2288 alia
932 2225 1097 2304 complura
1119 2223 1313 2288 eruditionis

226 2324 318 2405 plena
349 2332 560 2404 preceptorum
586 2326 661 2404 [lepe
688 2322 939 2406 preceptorium]
970 2324 1077 2388 divine
1106 2323 1187 2403 legis
1216 2338 1311 2404 qnam

223 2423 576 2486 commendatissimum
595 2423 706 2499 edidit,
724 2423 850 2488 dicendi
870 2423 1008 2504 quodam
1024 2423 1100 2495 leni,
1118 2421 1264 2484 tamitiari
1280 2430 1312 2486 et

221 2519 311 2600 juxta
334 2521 511 2600 subjectam
536 2522 700 2584 materiam
722 2523 887 2602 eloquenti
914 2523 989 2586 stilo
1011 2523 1141 2586 tradens
1164 2520 1196 2582 in
1213 2537 1250 2584 eo
1271 2519 1310 2584 ad

225 2619 456 2699 predicandum
473 2629 536 2682 tam
550 2620 754 2684 vehementer
770 2621 1039 2696 accommodant
1054 2620 1085 2682 in
1099 2618 1311 2684 admonendis

225 2717 352 2797 populis
376 2717 453 2779 nihii
477 2719 679 2796 oportunius,
704 2719 783 2781 nihii
806 2721 1042 2792 vehementius,
1066 2718 1144 2780 nihil
1172 2717 1311 2798 denique

224 2815 334 2878 utilius
348 2815 450 2896 possit
465 2815 585 2878 afferri.
602 2815 668 2880 Nec
682 2827 758 2896 puto
774 2818 859 2882 taciti
876 2818 952 2898 [leqe
968 2817 1072 2895 tacite]
1087 2816 1184 2880 alium
1200 2833 1311 2896 quem-

224 2913 307 2993 piam
324 2913 472 2986 inveniri,
489 2914 543 2994 qui
566 2931 639 2978 eum
661 2931 724 2980 non
747 2916 842 2980 laude
860 2917 955 2980 inodo
973 2917 1116 2996 dignum,
1135 2915 1191 2980 sed
1216 2914 1310 2978 etiam

222 3011 445 3076 admirandum
463 3014 493 3074 in
511 3013 656 3094 decalogi
674 3013 897 3094 explanatione
910 3015 1072 3095 judicetur
1087 3013 1257 3079 excellere.
1273 3014 1310 3078 tn

223 3110 296 3191 qnia
320 3112 483 3191 suppremi
502 3115 532 3190 (i)
549 3129 612 3176 non
635 3113 730 3176 debet
747 3114 867 3178 utilitas
889 3116 1003 3194 ingens
1026 3122 1056 3177 et
1074 3128 1198 3193 magua,
1218 3121 1250 3176 ut
1271 3128 1311 3176 ex

221 3225 322 3290 opere
351 3219 413 3271 tam
451 3209 617 3290 frugifero,
649 3211 775 3275 erudito
811 3228 889 3276 sane
918 3222 950 3276 et
985 3213 1153 3291 castigato,
1185 3211 1310 3274 tructus

223 3307 405 3372 uberrimos
420 3309 516 3390 longe
532 3309 659 3390 iateque
675 3327 809 3390 presens
821 3312 882 3376 hec
897 3323 965 3375 etas
982 3311 1076 3374 simul
1089 3321 1120 3375 et
1136 3312 1309 3390 posteritas

221 3408 327 3471 omnis
352 3408 517 3487 percipiat,
543 3425 581 3472 ex
608 3409 773 3489 arobetipo
796 3411 1011 3491 impressione
1037 3409 1308 3474 communicatum

221 3507 341 3587 passim
358 3517 419 3572 cst.

262 3628 280 3664 «
296 3605 393 3686 Super
405 3605 656 3685 profundissima
668 3608 763 3672 etiam
779 3609 839 3672 cliui
854 3609 946 3672 Pauli
958 3609 998 3671 ud
1014 3609 1169 3672 Romanoa
1180 3606 1308 3688 epistola

220 3702 378 3784 insignem
395 3704 540 3768 lecturum
556 3721 638 3771 sono
654 3723 819 3787 sensuque
835 3708 1015 3782 secundam,
1034 3717 1150 3786 quanta
1171 3705 1307 3769 maxime

219 3801 384 3882 diligentia
409 3803 581 3885 studioque
604 3805 716 3884 potuit,
734 3806 928 3887 composuit;
947 3821 1040 3887 quam
1064 3805 1096 3867 in
1120 3804 1307 3868 achademia

220 3899 409 3964 lovaniensi
433 3901 631 3968 doctissimis
648 3904 833 3969 hominibus
856 3905 1050 3985 optimisque
1067 3903 1183 3966 studiis
1207 3900 1307 3966 reter-

218 3998 342 4064 tissima
359 4017 415 4064 sna
433 4001 568 4064 maxima
583 4019 656 4066 cum
673 4003 766 4067 laude
781 4003 945 4068 ordinarie
961 4003 1049 4084 legit.

262 4119 276 4158 n
295 4097 353 4162 Ubi
374 4107 406 4162 et
427 4101 599 4180 questiones
622 4101 825 4183 quolibetures
847 4100 1072 4168 memorabiles
1094 4110 1127 4164 et
1149 4098 1304 4182 perutiles
