3284 4956
694 428 881 492 -l'll-

281 608 316 672 ln
342 605 432 670 dctis
453 605 614 672 facultatis
638 606 754 674 artium
780 607 946 689 sequentia
973 608 1121 690 leguntur
1146 609 1187 674 de
1214 611 1326 676 carolo

240 707 364 772 lliruli:
390 709 417 782 a)
434 705 600 785 liecipitur
621 707 659 769 ud
682 705 854 770 concilium
879 706 1038 772 facultatis
1061 708 1100 770 30
1120 707 1201 788 junii
1224 709 1323 786 llam

242 803 1322 887 blsubipsopnimavicolitactusdeterminantiaebljanuarii1438;

241 909 267 982 c)
283 905 319 968 31
330 903 468 985 januarii
482 903 564 966 titi
576 903 704 983 eligitur
715 903 857 970 decanus
869 904 1044 975 facultatis:
1059 906 1089 982 d)
1102 906 1141 970 itt
1150 907 1232 988 junii
1245 909 1325 974 4446

241 1001 369 1084 eligitur
384 1009 533 1083 receptor
545 1002 705 1067 facultatis
721 1019 780 1082 pno
798 1019 862 1067 uno
877 1019 973 1068 anno.

281 1103 352 1167 Fuit
367 1101 559 1167 Academiae
575 1108 681 1168 nector
696 1101 789 1166 aunis
804 1101 884 1166 4447
901 1108 932 1168 et
948 1101 1040 1166 4465.

283 1201 373 1264 lllius
395 1211 445 1266 est
468 1200 676 1280 epistolarum
701 1209 866 1282 syntagma
888 1203 950 1265 hoc
973 1200 1064 1265 titulo
1088 1223 1096 1263 :
1118 1202 1256 1266 Coraliuet
1270 1205 1327 1268 iste

243 1299 361 1362 libellus
376 1301 552 1380 epistolares
575 1300 724 1380 quasdam
739 1299 889 1377 formulas
900 1300 1018 1380 judicio
1033 1304 1239 1381 componentis
1251 1320 1327 1383 pue-

244 1416 348 1462 rorum
362 1401 466 1480 captui
480 1416 543 1461 riou
556 1397 722 1474 absimiles,
741 1416 818 1479 quos
833 1399 1030 1463 correctoria
1051 1406 1157 1464 uocant
1166 1417 1177 1474 ,·
1192 1403 1328 1466 easdem-

245 1514 301 1578 que
325 1501 480 1560 extructas
505 1514 545 1559 cc
569 1498 718 1576 majorum
744 1495 914 1560 litterarum
940 1499 1134 1560 missiucrum
1155 1498 1327 1564 collectario

245 1596 411 1658 scolaribus
436 1596 567 1658 Louorui
596 1597 629 1656 ia
650 1595 818 1675 pedaqoqio
844 1595 920 1659 Lilii
949 1595 1098 1658 lectarum
1123 1598 1329 1677 exemplorum

245 1699 353 1772 matio,
367 1701 514 1776 tanquam
536 1693 688 1756 breuiores
710 1700 740 1756 et
761 1695 942 1766 ornatiores,
959 1701 1050 1775 atque
1064 1698 1329 1760 seutentioeutra·

246 1793 342 1856 bentis
358 1794 447 1857 uerbo
461 1810 613 1874 sensuque
623 1792 820 1873 placitiores.
841 1791 888 1855 Ad
904 1793 1026 1856 calcem
1042 1791 1226 1868 voluminis,
1243 1796 1331 1875 quod

246 1903 294 1958 est
309 1892 437 1957 in-toliu
450 1892 535 1958 toliis
550 1909 607 1956 seu
620 1891 802 1972 duplicibus
815 1891 939 1972 paginis
953 1891 1128 1973 liciaque
1140 1893 1326 1973 signaturis,

248 1991 331 2055 notis
353 1989 563 2055 arithmeticis
585 2006 623 2054 uc
646 1989 939 2066 reclamationibus,
963 1989 1105 2070 legitur:
1128 1990 1280 2058 Salvast
1302 1999 1331 2057 te

246 2092 350 2168 forsan
364 2091 461 2152 amice
471 2088 579 2152 dilecte
589 2091 707 2152 uouisse
713 2089 830 2168 juvabit
840 2091 909 2170 quis
920 2087 1014 2166 bajus
1027 2090 1191 2154 uoluminis
1202 2093 1330 2173 impres-

245 2191 325 2252 soria
339 2193 416 2252 ortis
428 2189 593 2270 productor
607 2191 699 2267 suerit
710 2194 801 2269 atque
812 2191 955 2268 maqister·
969 2205 977 2250 :
990 2190 1119 2270 occipito
1135 2191 1204 2254 buic
1217 2193 1331 2272 artifici

247 2305 354 2350 nomen
368 2303 434 2350 esse
448 2288 592 2366 maqistro
611 2286 748 2351 lobauui
768 2287 913 2349 Vetdener
929 2309 936 2349 :
955 2287 1112 2367 cuiquam
1132 2295 1214 2352 certa
1235 2306 1330 2354 mauu

246 2385 448 2466 insculpeadi‚
468 2385 598 2458 celandi,
615 2383 835 2459 intercalandi,
852 2386 1060 2448 caracteraruti
1075 2390 1151 2450 assit
1166 2389 1328 2463 industria,

246 2485 368 2547 addest
382 2483 538 2564 marandi
554 2488 581 2546 et
596 2481 793 2564 effipiaadiet
807 2484 836 2546 st
851 2483 925 2564 quid
940 2485 973 2546 ia
988 2489 1052 2546 arte
1068 2487 1178 2549 secreti
1192 2487 1330 2568 estquod

246 2584 353 2646 tectius
375 2581 549 2644 occulitur:
570 2598 720 2662 quamque
741 2583 832 2644 etiam
853 2581 981 2653 iduum
1003 2585 1146 2646 comitum
1166 2586 1330 2665 perspicax

247 2681 458 2764 diltqeutia....
475 2682 591 2744 iduum
604 2682 680 2743 sotis
692 2683 786 2759 socies
797 2681 887 2757 buius
906 2681 998 2745 libelli
1013 2683 1200 2746 demonstrat
1215 2703 1222 2748 :
1242 2703 1329 2765 quem

248 2780 722 2862 multiplicatummoqninumeri
731 2777 819 2859 plobo
828 2780 1026 2862 subplacidis
1038 2784 1204 2845 atramenti
1214 2781 1329 2857 lituris,

247 2885 345 2962 spreto
371 2879 499 2952 catomo,
513 2877 663 2941 irroboooit
686 2881 761 2940 onai
782 2879 907 2958 (supple
925 2895 932 2941 :
957 2879 1109 2943 millesimi
1124 2882 1331 2962 quadriaqen-

248 2981 357 3054 teaimti
373 2979 589 3059 septuopesimi
603 2977 684 3038 sceti
702 2976 809 3056 aprilis
830 2979 960 3058 primus.
982 2979 1165 3058 perfecitque
1180 2980 1244 3042 dies
1259 2981 1331 3043 utti-

247 3094 327 3139 mus.
340 3077 438 3154 Quem
450 3077 527 3138 ortis
538 3080 702 3138 memorate
713 3076 894 3154 moqisrmm
909 3077 937 3138 si
952 3076 1007 3139 libi
1021 3076 1077 3138 boc
1090 3077 1224 3156 predicto
1239 3077 1332 3158 apriti

247 3193 350 3238 meuse
373 3192 447 3238 cure
471 3175 578 3252 {auset
602 3192 738 3255 querere,
769 3173 859 3252 focile
885 3181 1008 3255 poteras
1037 3176 1176 3238 eumdem
1203 3176 1331 3239 Lououii

248 3273 440 3354 impressioni
464 3277 619 3335 oucorttem
639 3273 672 3334 in
692 3279 793 3336 moute
817 3271 894 3334 calci
916 3273 1061 3336 inuenire.
1083 3273 1193 3337 Denuo
1212 3273 1333 3339 editum

250 3369 308 3432 init
333 3369 395 3434 boc
421 3387 503 3448 opus
529 3369 675 3448 sequenti
698 3369 791 3434 titulo
809 3393 815 3431 :
836 3371 1048 3451 Epistularum
1065 3373 1332 3452 proponendarum

250 3468 446 3542 imitationes,
474 3469 603 3532 Looouii
630 3469 661 3529 in
691 3467 815 3548 callepio
840 3469 913 3531 Libii
944 3471 1032 3533 edita
1056 3488 1093 3533 ac
1124 3471 1334 3535 emendutoeo

252 3563 359 3628 Carolo
372 3565 468 3627 Viruti
477 3583 533 3645 per
544 3568 722 3644 mapistrum
734 3566 932 3631 Guilietmum
947 3569 1045 3648 Rapis.
1054 3567 1331 3648 voyezcmumn,

252 3663 386 3726 Annales
401 3663 438 3726 de
452 3663 484 3726 ta
499 3663 695 3744 tppoqrupbie
709 3665 920 3729 ndertaadaise
939 3685 968 3746 p.
987 3665 1135 3729 339-349.

296 3788 311 3816 ι
326 3761 374 3823 On
389 3779 407 3841 y
423 3769 546 3832 trouve,
564 3762 611 3824 dit
628 3761 760 3843 Paqu0t‚
777 3765 937 3829 certaines
955 3765 1073 3830 choses
1096 3765 1148 3847 qui
1166 3766 1336 3846 regardent

254 3855 458 3922 l'Universitb
483 3857 523 3922 de
549 3859 701 3934 Louvoin,
719 3877 775 3940 par
801 3863 946 3943 exemplo
968 3863 998 3926 la
1021 3863 1207 3944 deputaticn
1222 3863 1336 3944 qu'elle

254 3955 358 4020 devait
383 3956 462 4021 taine
487 3974 568 4036 pour
591 3957 726 4022 ldliciter
752 3978 793 4024 un
822 3978 963 4027 nouveau
985 3978 1077 4043 pape,
1101 3964 1149 4028 les
1164 3963 1335 4029 difficultis

255 4051 369 4134 qu'elle
384 4064 437 4118 eut
450 4070 527 4119 avec
543 4057 572 4120 le
587 4057 769 4122 chancolier
784 4059 824 4122 de
839 4060 988 4134 Brabant,
1004 4069 1088 4126 etc.»

297 4151 420 4232 Exque
442 4152 522 4218 libro
537 4155 669 4236 intelligi
687 4165 802 4236 potest,
820 4174 900 4238 quae
916 4159 1010 4224 lucrit
1032 4160 1065 4223 in
1094 4160 1225 4226 intantia
1240 4160 1335 4242 huius
