3236 4952
715 472 901 533 -118-

263 653 348 735 quod
375 667 491 716 vocant
520 649 687 716 servitium
716 641 862 723 rnilitum,
891 650 975 731 quod
1006 646 1176 728 aliquando
1207 643 1351 709 constitit

262 751 339 815 mihi
366 761 495 815 centum
519 769 577 812 xxx
599 750 815 815 rhenensibus
840 766 903 813 uuo
918 763 1015 820 auno,
1034 746 1205 826 aliquando
1229 744 1280 817 llil,
1309 742 1349 804 70

261 859 317 915 aut
337 850 476 915 circiter.
505 849 543 912 Et
565 857 670 913 tamen
699 859 829 928 propter
854 846 1028 927 hospitium
1053 843 1208 926 principis
1234 842 1347 906 videor

261 948 381 1030 aliquid
397 947 571 1013 sublevari.
590 947 677 1022 Quae
693 947 758 1011 sint
773 946 833 1010 alia
860 947 941 1012 lurta
958 956 987 1010 el
1003 943 1171 1009 iatrocinia
1194 942 1225 1004 in
1242 949 1350 1006 extor-

261 1047 419 1121 sionibus,
438 1047 470 1110 111
494 1047 674 1115 frumentis,
693 1062 774 1126 quae
796 1047 849 1110 rix
871 1045 979 1126 colligi
1001 1051 1187 1124 potuerunt,
1204 1041 1236 1104 in
1258 1041 1347 1113 vino,

262 1145 348 1226 quod
368 1146 409 1209 ita
432 1155 505 1210 ante
526 1145 740 1210 maturitatem
760 1145 920 1225 diripitur,
939 1155 971 1208 ut
988 1143 1067 1206 nihil
1090 1150 1217 1222 praeter
1239 1155 1350 1220 agres-

260 1246 377 1323 tamti)
393 1244 579 1318 habeamus,
597 1255 628 1308 et
644 1244 676 1305 in
691 1244 855 1318 omnibus,
873 1260 954 1324 quae
971 1242 1003 1304 in
1020 1241 1123 1304 hortis
1139 1239 1347 1319 diripiuntur,

260 1343 313 1408 rix
342 1343 405 1407 dici
435 1353 552 1424 potest.
586 1343 645 1408 Per
675 1341 830 1423 plurimos
865 1359 963 1423 pagos
993 1359 1009 1404 a
1042 1339 1163 1404 nostris
1194 1336 1348 1401 militibus

261 1443 385 1522 direpta
414 1450 488 1507 sunt
516 1443 622 1506 omnia
649 1443 819 1506 lrurnenta.
848 1442 906 1504 Vix
931 1443 1145 1521 quodcunque
1176 1436 1348 1517 potestati

261 1540 422 1605 civitatem
437 1541 546 1604 renale
569 1540 698 1612 adferri,
715 1541 926 1620 permiseras
949 1538 1025 1620 quin
1049 1537 1218 1618 diripiatur
1232 1536 1263 1598 in
1281 1535 1343 1598 ria.

260 1639 439 1719 Aliquando
471 1639 588 1703 milites
618 1639 649 1701 in
679 1641 762 1704 sacto
792 1639 933 1703 absurdo
963 1637 1157 1718 deprehensi
1185 1644 1346 1716 coguntur

262 1738 381 1818 aliquid
398 1737 581 1814 restituere,
599 1738 656 1802 sed
673 1739 746 1818 quia
763 1739 850 1802 nulla
869 1738 903 1800 tit
919 1737 1052 1819 punitio,
1071 1737 1143 1800 ideo
1168 1734 1240 1798 talis
1257 1733 1350 1798 resti-

262 1836 344 1900 tutio
367 1853 431 1900 non
447 1847 497 1900 est
520 1837 580 1900 nisi
604 1837 730 1912 illusio;
755 1839 921 1902 nonenim
938 1845 1106 1918 propterea
1129 1835 1307 1899 abstinetur
1330 1850 1349 1896 a

262 1936 438 2016 peccando,
467 1936 587 1999 sedne
614 1937 750 2004 iurando
777 1953 907 2017 operam
932 1937 1077 2016 perdant,
1106 1934 1200 2016 paulo
1223 1933 1349 1996 cautius

263 2033 418 2107 iurantur,
444 2045 475 2098 et
501 2049 518 2096 a
546 2034 615 2097 suis
641 2034 735 2097 etiam
760 2034 929 2115 praefectis
955 2034 1163 2098 admirantur.
1193 2031 1347 2104 Breviter,

263 2132 443 2196 habitamus
470 2133 522 2196 hic
538 2134 569 2197 in
598 2133 703 2198 medio
730 2135 885 2198 malorum
903 2136 1079 2208 hominum,
1094 2134 1164 2198 sine
1189 2131 1347 2205 auditore,

262 2231 333 2295 sine
356 2229 488 2311 judicio,
506 2232 576 2295 sine
588 2232 724 2312 justitia,
742 2233 906 2313 magisque
930 2235 1069 2314 regimur
1092 2231 1231 2313 potentia
1254 2245 1349 2310 quarn

262 2329 398 2404 ratione,
416 2330 478 2393 hoc
500 2339 562 2405 est,
587 2330 776 2396 militariter.
790 2331 960 2410 Expediret
985 2341 1150 2410 tantopere
1172 2329 1349 2409 legitimum

264 2427 483 2492 testimonium
518 2429 581 2494 diei
615 2430 729 2494 mortis
762 2429 883 2494 domini
918 2431 1067 2506 Victoris,
1098 2431 1126 2494 si
1159 2427 1235 2510 quid
1271 2428 1353 2490 sorte

264 2527 447 2606 recuperari
464 2539 574 2606 posset
590 2545 628 2593 ex
645 2528 856 2608 pensionibus
873 2546 944 2592 curn
963 2540 1119 2610 tempore.

305 2625 392 2691 Bene
408 2627 488 2702 vale,
508 2629 525 2688 7
542 2629 737 2708 septembris
753 2629 845 2692 11183.

930 2727 1017 2792 Tuus
1036 2729 1126 2789 birex.
1145 2744 1181 2788 ue
1198 2724 1268 2787 Bxx.

305 2855 515 2938 Supereciptio
530 2877 538 2922 :
553 2857 736 2923 Honorabili
750 2860 881 2924 domino
893 2869 924 2923 et
936 2875 1047 2923 sacrae
1059 2857 1240 2937 theologiae
1253 2855 1352 2918 licen-

265 2956 343 3020 tiato
360 2958 512 3038 magistro
529 2958 678 3023 Matthiae
695 2959 897 3024 Lambreebt.
916 2959 1023 3022 Duncr.

732 3093 864 3146 Archives
878 3093 911 3146 de
925 3075 1016 3155 librat,
1034 3099 1049 3144 a
1064 3091 1180 3158 Bruges,
1196 3088 1328 3143 Archives

701 3183 934 3252 ecclesiastiques,
950 3187 1051 3253 paquet
1068 3189 1098 3234 n⁰
1110 3182 1146 3234 77
1160 3179 1263 3250 (7753),
1279 3185 1311 3232 11ο
1325 3179 1354 3232 t.

302 3368 326 3436 e)
347 3369 440 3425 Lettre
460 3375 498 3422 du
508 3377 670 3436 prolesseur
687 3371 807 3437 Jacques
824 3372 978 3424 Jamonius
998 3378 1016 3422 dr
1030 3371 1162 3423 Matthias
1176 3366 1350 3422 Lambrecht.

666 3461 697 3516 13
711 3463 864 3532 septembre
881 3461 959 3516 1585.

430 3582 569 3648 Salutem
587 3584 618 3646 in
636 3583 771 3648 Domino
788 3584 1029 3664 sempiternam.

307 3713 428 3779 Eximio
458 3715 588 3779 domine
617 3715 855 3781 archidiacone.
887 3723 979 3781 huno
1009 3717 1089 3780 1575
1120 3715 1172 3780 illa
1202 3715 1352 3779 collectio

264 3813 501 3894 theologorum,
519 3830 600 3894 quae
624 3823 767 3893 tempore
786 3813 882 3878 studii
906 3815 1005 3878 vestri
1021 3815 1182 3878 habitabat
1205 3814 1235 3876 in
1252 3813 1351 3876 domo

265 3909 371 3975 vicina
401 3911 538 3991 collegio
568 3912 745 3976 sabaudiae
774 3911 1011 3993 vocabaturque
1034 3931 1163 3994 paruum
1193 3913 1351 3992 collegium

304 4088 344 4158 (1)
366 4111 378 4133 u
391 4090 511 4155 Adrasto
526 4108 534 4144 .·
550 4090 735 4162 omphacium,
746 4094 846 4162 gallice
859 4101 967 4161 verdum
982 4113 1016 4150 ex
1028 4095 1122 4149 italico
1141 4104 1255 4162 agreste,
1271 4095 1353 4166 quasi

265 4181 362 4244 uiaret,
376 4178 503 4232 acidulus
516 4181 672 4252 (Ducxxee)
685 4212 721 4224 -
741 4182 838 4249 terpus
852 4201 861 4240 :
876 4183 931 4238 Suc
944 4185 1031 4248 acide,
1046 4183 1099 4240 tire
1115 4185 1163 4240 des
1183 4184 1282 4239 raisins
1302 4185 1351 4255 qui

265 4281 302 4322 ns
314 4271 377 4322 sont
390 4286 439 4339 pas
452 4286 550 4325 encore
563 4277 648 4329 mhrs.
663 4298 675 4319 n
691 4272 763 4327 Note
775 4280 807 4329 do
821 4276 863 4332 Μ.
878 4281 911 4330 de
923 4277 1058 4330 &areret
