<?xml version="1.0" encoding="UTF-8"?>
<!DOCTYPE html PUBLIC "-//W3C//DTD XHTML 1.0 Transitional//EN"
    "http://www.w3.org/TR/xhtml1/DTD/xhtml1-transitional.dtd">
<html xmlns="http://www.w3.org/1999/xhtml" xml:lang="en" lang="en">
 <head>
  <title>
</title>
<meta http-equiv="Content-Type" content="text/html;charset=utf-8" />
  <meta name='ocr-system' content='tesseract 3.04.00' />
  <meta name='ocr-capabilities' content='ocr_page ocr_carea ocr_par ocr_line ocrx_word'/>
</head>
<body>
  <div class='ocr_page' id='page_1' title='image "./documentsrelati01reusgoog/documentsrelati01reusgoog_0110.png"; bbox 0 0 3284 4956; ppageno 0'>
   <div class='ocr_carea' id='block_1_1' title="bbox 59 2332 68 3068">
    <p class='ocr_par' dir='ltr' id='par_1_1' title="bbox 59 2332 68 3068">
     <span class='ocr_line' id='line_1_1' title="bbox 59 2332 68 3068; baseline 0 0"><span class='ocrx_word' id='word_1_1' title='bbox 59 2332 68 3068; x_wconf 95' lang='lat' dir='ltr'> </span> 
     </span>
    </p>
   </div>
   <div class='ocr_carea' id='block_1_2' title="bbox 882 411 1042 475">
    <p class='ocr_par' dir='ltr' id='par_1_2' title="bbox 882 411 1042 475">
     <span class='ocr_line' id='line_1_2' title="bbox 882 411 1042 475; baseline 0.006 -17"><span class='ocrx_word' id='word_1_2' title='bbox 882 411 1042 475; x_wconf 78' lang='grc'>..98-</span> 
     </span>
    </p>
   </div>
   <div class='ocr_carea' id='block_1_3' title="bbox 422 591 1514 854">
    <p class='ocr_par' dir='ltr' id='par_1_3' title="bbox 422 591 1514 854">
     <span class='ocr_line' id='line_1_3' title="bbox 422 591 1513 674; baseline 0.004 -22"><span class='ocrx_word' id='word_1_3' title='bbox 422 598 569 670; x_wconf 84' lang='lat' dir='ltr'>regentes</span> <span class='ocrx_word' id='word_1_4' title='bbox 596 591 728 671; x_wconf 87' lang='lat' dir='ltr'>proprii,</span> <span class='ocrx_word' id='word_1_5' title='bbox 755 592 954 674; x_wconf 72' lang='lat' dir='ltr'>gaudeatque</span> <span class='ocrx_word' id='word_1_6' title='bbox 978 593 1091 660; x_wconf 90' lang='lat' dir='ltr'>iisdem</span> <span class='ocrx_word' id='word_1_7' title='bbox 1116 593 1357 674; x_wconf 75' lang='lat' dir='ltr'><strong>praerogativis,</strong></span> <span class='ocrx_word' id='word_1_8' title='bbox 1383 593 1513 674; x_wconf 88' lang='lat' dir='ltr'>quibus</span> 
     </span>
     <span class='ocr_line' id='line_1_4' title="bbox 422 689 1514 772; baseline 0.003 -22"><span class='ocrx_word' id='word_1_9' title='bbox 422 689 479 762; x_wconf 89' lang='lat' dir='ltr'>itti,</span> <span class='ocrx_word' id='word_1_10' title='bbox 496 689 638 768; x_wconf 87' lang='lat' dir='ltr'>exeeptis</span> <span class='ocrx_word' id='word_1_11' title='bbox 654 690 705 764; x_wconf 82' lang='lat' dir='ltr'>iis,</span> <span class='ocrx_word' id='word_1_12' title='bbox 724 707 804 771; x_wconf 88' lang='lat' dir='ltr'>quae</span> <span class='ocrx_word' id='word_1_13' title='bbox 827 692 859 754; x_wconf 93' lang='lat' dir='ltr'>in</span> <span class='ocrx_word' id='word_1_14' title='bbox 874 691 1102 758; x_wconf 79' lang='lat' dir='ltr'>constitutione</span> <span class='ocrx_word' id='word_1_15' title='bbox 1124 691 1341 757; x_wconf 81' lang='lat' dir='ltr'>conditionum</span> <span class='ocrx_word' id='word_1_16' title='bbox 1359 691 1514 772; x_wconf 81' lang='lat' dir='ltr'>regentis</span> 
     </span>
     <span class='ocr_line' id='line_1_5' title="bbox 423 787 771 854; baseline 0 -4"><span class='ocrx_word' id='word_1_17' title='bbox 423 787 514 852; x_wconf 83' lang='lat' dir='ltr'>alitor</span> <span class='ocrx_word' id='word_1_18' title='bbox 529 788 771 854; x_wconf 80' lang='lat' dir='ltr'>ordinabuntur.</span> 
     </span>
    </p>
   </div>
   <div class='ocr_carea' id='block_1_4' title="bbox 466 952 1514 1036">
    <p class='ocr_par' dir='ltr' id='par_1_4' title="bbox 466 952 1514 1036">
     <span class='ocr_line' id='line_1_6' title="bbox 466 952 1514 1036; baseline 0 -18"><span class='ocrx_word' id='word_1_19' title='bbox 466 952 588 1018; x_wconf 81' lang='lat' dir='ltr'>Oetaeo.</span> <span class='ocrx_word' id='word_1_20' title='bbox 607 954 645 1018; x_wconf 87' lang='lat' dir='ltr'>Ut</span> <span class='ocrx_word' id='word_1_21' title='bbox 670 954 702 1016; x_wconf 94' lang='lat' dir='ltr'>in</span> <span class='ocrx_word' id='word_1_22' title='bbox 729 954 979 1036; x_wconf 80' lang='lat' dir='ltr'><strong>recognitionem</strong></span> <span class='ocrx_word' id='word_1_23' title='bbox 1006 955 1080 1020; x_wconf 87' lang='lat' dir='ltr'>dieti</span> <span class='ocrx_word' id='word_1_24' title='bbox 1104 953 1288 1035; x_wconf 81' lang='lat' dir='ltr'>paedagogii</span> <span class='ocrx_word' id='word_1_25' title='bbox 1311 955 1350 1017; x_wconf 88' lang='lat' dir='ltr'>ad</span> <span class='ocrx_word' id='word_1_26' title='bbox 1370 954 1514 1020; x_wconf 85' lang='lat' dir='ltr'>domum</span> 
     </span>
    </p>
   </div>
   <div class='ocr_carea' id='block_1_5' title="bbox 423 1049 1621 1134">
    <p class='ocr_par' dir='ltr' id='par_1_5' title="bbox 423 1049 1621 1134">
     <span class='ocr_line' id='line_1_7' title="bbox 423 1049 1621 1134; baseline 0.003 -22"><span class='ocrx_word' id='word_1_27' title='bbox 423 1049 647 1115; x_wconf 87' lang='lat' dir='ltr'>Standonieam</span> <span class='ocrx_word' id='word_1_28' title='bbox 665 1053 865 1132; x_wconf 80' lang='lat' dir='ltr'>pertinentis.</span> <span class='ocrx_word' id='word_1_29' title='bbox 878 1063 1010 1118; x_wconf 81' lang='lat' dir='ltr'>vacante</span> <span class='ocrx_word' id='word_1_30' title='bbox 1023 1053 1163 1134; x_wconf 80' lang='lat' dir='ltr'>regentia</span> <span class='ocrx_word' id='word_1_31' title='bbox 1177 1053 1376 1133; x_wconf 72' lang='lat' dir='ltr'>paedagogo,</span> <span class='ocrx_word' id='word_1_32' title='bbox 1391 1055 1421 1116; x_wconf 90' lang='lat' dir='ltr'>si</span> <span class='ocrx_word' id='word_1_33' title='bbox 1435 1069 1512 1118; x_wconf 83' lang='lat' dir='ltr'>eam</span> <span class='ocrx_word' id='word_1_34' title='bbox 1620 1061 1621 1068; x_wconf 77' lang='grc'>’</span> 
     </span>
    </p>
   </div>
   <div class='ocr_carea' id='block_1_6' title="bbox 424 1151 1512 1232">
    <p class='ocr_par' dir='ltr' id='par_1_6' title="bbox 424 1151 1512 1232">
     <span class='ocr_line' id='line_1_8' title="bbox 424 1151 1512 1232; baseline 0.002 -20"><span class='ocrx_word' id='word_1_35' title='bbox 424 1157 514 1228; x_wconf 86' lang='lat' dir='ltr'>pater</span> <span class='ocrx_word' id='word_1_36' title='bbox 540 1151 761 1229; x_wconf 84' lang='lat' dir='ltr'>postulaverit,</span> <span class='ocrx_word' id='word_1_37' title='bbox 791 1151 916 1225; x_wconf 83' lang='lat' dir='ltr'>debeat,</span> <span class='ocrx_word' id='word_1_38' title='bbox 947 1153 1063 1216; x_wconf 87' lang='lat' dir='ltr'>oeteris</span> <span class='ocrx_word' id='word_1_39' title='bbox 1092 1152 1195 1232; x_wconf 91' lang='lat' dir='ltr'>quoad</span> <span class='ocrx_word' id='word_1_40' title='bbox 1226 1152 1434 1215; x_wconf 77' lang='lat' dir='ltr'>idoneitatem</span> <span class='ocrx_word' id='word_1_41' title='bbox 1469 1152 1512 1214; x_wconf 87' lang='lat' dir='ltr'>ad</span> 
     </span>
    </p>
   </div>
   <div class='ocr_carea' id='block_1_7' title="bbox 424 1249 1621 1330">
    <p class='ocr_par' dir='ltr' id='par_1_7' title="bbox 424 1249 1621 1330">
     <span class='ocr_line' id='line_1_9' title="bbox 424 1249 1621 1330; baseline 0.002 -20"><span class='ocrx_word' id='word_1_42' title='bbox 424 1249 597 1329; x_wconf 84' lang='lat' dir='ltr'>regendum</span> <span class='ocrx_word' id='word_1_43' title='bbox 614 1250 755 1328; x_wconf 88' lang='lat' dir='ltr'>paribus,</span> <span class='ocrx_word' id='word_1_44' title='bbox 770 1249 893 1330; x_wconf 89' lang='lat' dir='ltr'>judieio</span> <span class='ocrx_word' id='word_1_45' title='bbox 910 1249 1109 1330; x_wconf 88' lang='lat' dir='ltr'>provisorum</span> <span class='ocrx_word' id='word_1_46' title='bbox 1126 1258 1158 1314; x_wconf 88' lang='lat' dir='ltr'>et</span> <span class='ocrx_word' id='word_1_47' title='bbox 1173 1250 1329 1330; x_wconf 88' lang='lat' dir='ltr'>praesidis</span> <span class='ocrx_word' id='word_1_48' title='bbox 1345 1267 1406 1330; x_wconf 91' lang='lat' dir='ltr'>pro</span> <span class='ocrx_word' id='word_1_49' title='bbox 1423 1259 1512 1314; x_wconf 86' lang='lat' dir='ltr'>tem·</span> <span class='ocrx_word' id='word_1_50' title='bbox 1620 1253 1621 1258; x_wconf 77' lang='grc'>’</span> 
     </span>
    </p>
   </div>
   <div class='ocr_carea' id='block_1_8' title="bbox 423 1347 1513 1428">
    <p class='ocr_par' dir='ltr' id='par_1_8' title="bbox 423 1347 1513 1428">
     <span class='ocr_line' id='line_1_10' title="bbox 423 1347 1513 1428; baseline 0.002 -18"><span class='ocrx_word' id='word_1_51' title='bbox 423 1363 500 1426; x_wconf 90' lang='lat' dir='ltr'>pore</span> <span class='ocrx_word' id='word_1_52' title='bbox 527 1347 652 1427; x_wconf 83' lang='lat' dir='ltr'>collegii</span> <span class='ocrx_word' id='word_1_53' title='bbox 684 1347 847 1412; x_wconf 72' lang='lat' dir='ltr'>Pontificio</span> <span class='ocrx_word' id='word_1_54' title='bbox 874 1349 1097 1428; x_wconf 86' lang='lat' dir='ltr'>praeierri;ot</span> <span class='ocrx_word' id='word_1_55' title='bbox 1122 1348 1278 1423; x_wconf 88' lang='lat' dir='ltr'>similiter,</span> <span class='ocrx_word' id='word_1_56' title='bbox 1307 1358 1446 1412; x_wconf 87' lang='lat' dir='ltr'>venante</span> <span class='ocrx_word' id='word_1_57' title='bbox 1477 1347 1513 1412; x_wconf 92' lang='lat' dir='ltr'>in</span> 
     </span>
    </p>
   </div>
   <div class='ocr_carea' id='block_1_9' title="bbox 422 1445 1621 1528">
    <p class='ocr_par' dir='ltr' id='par_1_9' title="bbox 422 1445 1621 1528">
     <span class='ocr_line' id='line_1_11' title="bbox 422 1445 1621 1528; baseline 0.004 -20"><span class='ocrx_word' id='word_1_58' title='bbox 422 1447 619 1526; x_wconf 80' lang='lat' dir='ltr'>paedagogio</span> <span class='ocrx_word' id='word_1_59' title='bbox 645 1445 826 1511; x_wconf 87' lang='lat' dir='ltr'>Standonek</span> <span class='ocrx_word' id='word_1_60' title='bbox 849 1447 953 1528; x_wconf 89' lang='lat' dir='ltr'>aliqua</span> <span class='ocrx_word' id='word_1_61' title='bbox 976 1447 1189 1527; x_wconf 82' lang='lat' dir='ltr'>professione,</span> <span class='ocrx_word' id='word_1_62' title='bbox 1216 1447 1332 1512; x_wconf 86' lang='lat' dir='ltr'>noteris</span> <span class='ocrx_word' id='word_1_63' title='bbox 1357 1448 1509 1526; x_wconf 84' lang='lat' dir='ltr'>paribus,</span> <span class='ocrx_word' id='word_1_64' title='bbox 1620 1471 1621 1480; x_wconf 50' lang='lat'>¹</span> 
     </span>
    </p>
   </div>
   <div class='ocr_carea' id='block_1_10' title="bbox 423 1545 1512 1626">
    <p class='ocr_par' dir='ltr' id='par_1_10' title="bbox 423 1545 1512 1626">
     <span class='ocr_line' id='line_1_12' title="bbox 423 1545 1512 1626; baseline 0.005 -20"><span class='ocrx_word' id='word_1_65' title='bbox 423 1547 653 1624; x_wconf 75' lang='lat' dir='ltr'>praetereatur,</span> <span class='ocrx_word' id='word_1_66' title='bbox 672 1546 724 1625; x_wconf 90' lang='lat' dir='ltr'>qui</span> <span class='ocrx_word' id='word_1_67' title='bbox 742 1546 859 1610; x_wconf 81' lang='lat' dir='ltr'>suerint</span> <span class='ocrx_word' id='word_1_68' title='bbox 881 1547 920 1609; x_wconf 89' lang='lat' dir='ltr'>de</span> <span class='ocrx_word' id='word_1_69' title='bbox 942 1545 1037 1610; x_wconf 91' lang='lat' dir='ltr'>domo</span> <span class='ocrx_word' id='word_1_70' title='bbox 1058 1545 1248 1609; x_wconf 88' lang='lat' dir='ltr'>Standoniea</span> <span class='ocrx_word' id='word_1_71' title='bbox 1264 1547 1415 1626; x_wconf 81' lang='lat' dir='ltr'>promoti,</span> <span class='ocrx_word' id='word_1_72' title='bbox 1436 1549 1512 1611; x_wconf 89' lang='lat' dir='ltr'>sive</span> 
     </span>
    </p>
   </div>
   <div class='ocr_carea' id='block_1_11' title="bbox 423 1643 1621 1725">
    <p class='ocr_par' dir='ltr' id='par_1_11' title="bbox 423 1643 1621 1725">
     <span class='ocr_line' id='line_1_13' title="bbox 423 1643 1621 1725; baseline 0.003 -21"><span class='ocrx_word' id='word_1_73' title='bbox 423 1643 540 1708; x_wconf 86' lang='lat' dir='ltr'>ibidem</span> <span class='ocrx_word' id='word_1_74' title='bbox 563 1645 667 1708; x_wconf 83' lang='lat' dir='ltr'>adbuc</span> <span class='ocrx_word' id='word_1_75' title='bbox 690 1643 842 1720; x_wconf 83' lang='lat' dir='ltr'>habitent,</span> <span class='ocrx_word' id='word_1_76' title='bbox 866 1644 935 1707; x_wconf 84' lang='lat' dir='ltr'>sire</span> <span class='ocrx_word' id='word_1_77' title='bbox 955 1644 1040 1707; x_wconf 90' lang='lat' dir='ltr'>alibi.</span> <span class='ocrx_word' id='word_1_78' title='bbox 1065 1643 1104 1708; x_wconf 82' lang='lat' dir='ltr'>m</span> <span class='ocrx_word' id='word_1_79' title='bbox 1121 1644 1193 1708; x_wconf 91' lang='lat' dir='ltr'>ideo</span> <span class='ocrx_word' id='word_1_80' title='bbox 1209 1644 1370 1708; x_wconf 86' lang='lat' dir='ltr'>tenebitur</span> <span class='ocrx_word' id='word_1_81' title='bbox 1383 1661 1511 1725; x_wconf 84' lang='lat' dir='ltr'>regens</span> <span class='ocrx_word' id='word_1_82' title='bbox 1620 1645 1621 1650; x_wconf 76' lang='grc'>’</span> 
     </span>
    </p>
   </div>
   <div class='ocr_carea' id='block_1_12' title="bbox 424 1741 1512 1823">
    <p class='ocr_par' dir='ltr' id='par_1_12' title="bbox 424 1741 1512 1823">
     <span class='ocr_line' id='line_1_14' title="bbox 424 1741 1512 1823; baseline 0.006 -21"><span class='ocrx_word' id='word_1_83' title='bbox 424 1741 455 1803; x_wconf 95' lang='lat' dir='ltr'>in</span> <span class='ocrx_word' id='word_1_84' title='bbox 472 1742 677 1806; x_wconf 77' lang='lat' dir='ltr'>conserendis</span> <span class='ocrx_word' id='word_1_85' title='bbox 693 1743 877 1823; x_wconf 79' lang='lat' dir='ltr'>paedagogii</span> <span class='ocrx_word' id='word_1_86' title='bbox 895 1742 943 1806; x_wconf 88' lang='lat' dir='ltr'>sui</span> <span class='ocrx_word' id='word_1_87' title='bbox 963 1743 1154 1806; x_wconf 82' lang='lat' dir='ltr'>lectionibus</span> <span class='ocrx_word' id='word_1_88' title='bbox 1170 1742 1279 1807; x_wconf 90' lang='lat' dir='ltr'>audire</span> <span class='ocrx_word' id='word_1_89' title='bbox 1295 1744 1512 1808; x_wconf 78' lang='lat' dir='ltr'>commenda-</span> 
     </span>
    </p>
   </div>
   <div class='ocr_carea' id='block_1_13' title="bbox 424 1840 1621 1924">
    <p class='ocr_par' dir='ltr' id='par_1_13' title="bbox 424 1840 1621 1924">
     <span class='ocr_line' id='line_1_15' title="bbox 424 1840 1621 1924; baseline 0.006 -23"><span class='ocrx_word' id='word_1_90' title='bbox 424 1840 542 1904; x_wconf 84' lang='lat' dir='ltr'>tionem</span> <span class='ocrx_word' id='word_1_91' title='bbox 560 1842 671 1920; x_wconf 87' lang='lat' dir='ltr'>patris,</span> <span class='ocrx_word' id='word_1_92' title='bbox 689 1841 716 1904; x_wconf 92' lang='lat' dir='ltr'>si</span> <span class='ocrx_word' id='word_1_93' title='bbox 741 1841 876 1906; x_wconf 87' lang='lat' dir='ltr'>voluerit</span> <span class='ocrx_word' id='word_1_94' title='bbox 897 1841 1110 1906; x_wconf 88' lang='lat' dir='ltr'>Standonioos</span> <span class='ocrx_word' id='word_1_95' title='bbox 1125 1841 1362 1916; x_wconf 81' lang='lat' dir='ltr'>commendare,</span> <span class='ocrx_word' id='word_1_96' title='bbox 1379 1842 1511 1924; x_wconf 85' lang='lat' dir='ltr'>absquo</span> <span class='ocrx_word' id='word_1_97' title='bbox 1620 1879 1621 1882; x_wconf 61' lang='lat'><em>=</em></span> 
     </span>
    </p>
   </div>
   <div class='ocr_carea' id='block_1_14' title="bbox 424 1939 1509 2120">
    <p class='ocr_par' dir='ltr' id='par_1_14' title="bbox 424 1939 1509 2120">
     <span class='ocr_line' id='line_1_16' title="bbox 425 1939 1509 2020; baseline 0.002 -18"><span class='ocrx_word' id='word_1_98' title='bbox 425 1954 464 2002; x_wconf 92' lang='lat' dir='ltr'>eo</span> <span class='ocrx_word' id='word_1_99' title='bbox 493 1939 577 2019; x_wconf 92' lang='lat' dir='ltr'>quod</span> <span class='ocrx_word' id='word_1_100' title='bbox 609 1939 793 2004; x_wconf 89' lang='lat' dir='ltr'>ulteriorem</span> <span class='ocrx_word' id='word_1_101' title='bbox 823 1940 960 2020; x_wconf 89' lang='lat' dir='ltr'>aliquam</span> <span class='ocrx_word' id='word_1_102' title='bbox 990 1941 1076 2004; x_wconf 86' lang='lat' dir='ltr'>eirca</span> <span class='ocrx_word' id='word_1_103' title='bbox 1108 1941 1296 2008; x_wconf 81' lang='lat' dir='ltr'>collationes</span> <span class='ocrx_word' id='word_1_104' title='bbox 1324 1941 1509 2006; x_wconf 84' lang='lat' dir='ltr'>lectionum</span> 
     </span>
     <span class='ocr_line' id='line_1_17' title="bbox 424 2037 1234 2120; baseline 0.002 -20"><span class='ocrx_word' id='word_1_105' title='bbox 424 2038 644 2102; x_wconf 84' lang='lat' dir='ltr'>auctoritatem</span> <span class='ocrx_word' id='word_1_106' title='bbox 660 2038 774 2102; x_wconf 89' lang='lat' dir='ltr'>babeat</span> <span class='ocrx_word' id='word_1_107' title='bbox 789 2037 838 2102; x_wconf 86' lang='lat' dir='ltr'>rel</span> <span class='ocrx_word' id='word_1_108' title='bbox 854 2053 1004 2103; x_wconf 76' lang='lat' dir='ltr'>exeruere</span> <span class='ocrx_word' id='word_1_109' title='bbox 1018 2038 1122 2119; x_wconf 84' lang='lat' dir='ltr'>possit</span> <span class='ocrx_word' id='word_1_110' title='bbox 1134 2049 1234 2120; x_wconf 88' lang='lat' dir='ltr'>pater.</span> 
     </span>
    </p>
   </div>
   <div class='ocr_carea' id='block_1_15' title="bbox 427 2203 1513 2384">
    <p class='ocr_par' dir='ltr' id='par_1_15' title="bbox 427 2203 1513 2384">
     <span class='ocr_line' id='line_1_18' title="bbox 465 2203 1513 2285; baseline 0.004 -19"><span class='ocrx_word' id='word_1_111' title='bbox 465 2204 565 2266; x_wconf 84' lang='lat' dir='ltr'>Nono.</span> <span class='ocrx_word' id='word_1_112' title='bbox 591 2204 629 2268; x_wconf 90' lang='lat' dir='ltr'>Ut</span> <span class='ocrx_word' id='word_1_113' title='bbox 653 2204 723 2270; x_wconf 87' lang='lat' dir='ltr'>loeo</span> <span class='ocrx_word' id='word_1_114' title='bbox 749 2203 924 2285; x_wconf 70' lang='lat' dir='ltr'>ejusjuris</span> <span class='ocrx_word' id='word_1_115' title='bbox 942 2203 1026 2285; x_wconf 89' lang='lat' dir='ltr'>quod</span> <span class='ocrx_word' id='word_1_116' title='bbox 1050 2204 1459 2284; x_wconf 72' lang='lat' dir='ltr'>pateruaetanusbabntn</span> <span class='ocrx_word' id='word_1_117' title='bbox 1477 2215 1513 2274; x_wconf 87' lang='lat' dir='ltr'>ut</span> 
     </span>
     <span class='ocr_line' id='line_1_19' title="bbox 427 2302 1513 2384; baseline 0.004 -20"><span class='ocrx_word' id='word_1_118' title='bbox 427 2302 465 2365; x_wconf 90' lang='lat' dir='ltr'>ad</span> <span class='ocrx_word' id='word_1_119' title='bbox 484 2302 633 2382; x_wconf 82' lang='lat' dir='ltr'>placitum</span> <span class='ocrx_word' id='word_1_120' title='bbox 651 2303 752 2383; x_wconf 90' lang='lat' dir='ltr'>possit</span> <span class='ocrx_word' id='word_1_121' title='bbox 774 2303 928 2368; x_wconf 85' lang='lat' dir='ltr'>secedere</span> <span class='ocrx_word' id='word_1_122' title='bbox 947 2304 987 2368; x_wconf 88' lang='lat' dir='ltr'>ad</span> <span class='ocrx_word' id='word_1_123' title='bbox 1005 2319 1147 2368; x_wconf 88' lang='lat' dir='ltr'>mensam</span> <span class='ocrx_word' id='word_1_124' title='bbox 1164 2303 1359 2384; x_wconf 74' lang='lat' dir='ltr'>paedagoga,</span> <span class='ocrx_word' id='word_1_125' title='bbox 1377 2305 1480 2370; x_wconf 84' lang='lat' dir='ltr'>detur</span> <span class='ocrx_word' id='word_1_126' title='bbox 1495 2322 1513 2368; x_wconf 94' lang='lat' dir='ltr'>a</span> 
     </span>
    </p>
   </div>
   <div class='ocr_carea' id='block_1_16' title="bbox 426 2401 1621 2483">
    <p class='ocr_par' dir='ltr' id='par_1_16' title="bbox 426 2401 1621 2483">
     <span class='ocr_line' id='line_1_20' title="bbox 426 2401 1621 2483; baseline 0.006 -20"><span class='ocrx_word' id='word_1_127' title='bbox 426 2401 1511 2483; x_wconf 80' lang='lat' dir='ltr'>regentedictopatriexbonispaedagogiiadopusetoommodnm</span> <span class='ocrx_word' id='word_1_128' title='bbox 1620 2429 1621 2444; x_wconf 53' lang='lat'>¹</span> 
     </span>
    </p>
   </div>
   <div class='ocr_carea' id='block_1_17' title="bbox 425 2499 1621 2679">
    <p class='ocr_par' dir='ltr' id='par_1_17' title="bbox 425 2499 1621 2679">
     <span class='ocr_line' id='line_1_21' title="bbox 425 2499 1513 2584; baseline 0.005 -24"><span class='ocrx_word' id='word_1_129' title='bbox 425 2499 528 2580; x_wconf 89' lang='lat' dir='ltr'>ipsius</span> <span class='ocrx_word' id='word_1_130' title='bbox 554 2499 725 2580; x_wconf 80' lang='lat' dir='ltr'>quotannis</span> <span class='ocrx_word' id='word_1_131' title='bbox 749 2515 873 2564; x_wconf 89' lang='lat' dir='ltr'>summa</span> <span class='ocrx_word' id='word_1_132' title='bbox 900 2499 1067 2564; x_wconf 79' lang='lat' dir='ltr'>duodecim</span> <span class='ocrx_word' id='word_1_133' title='bbox 1094 2499 1301 2575; x_wconf 86' lang='lat' dir='ltr'>florenorum,</span> <span class='ocrx_word' id='word_1_134' title='bbox 1324 2500 1424 2582; x_wconf 86' lang='lat' dir='ltr'>idque</span> <span class='ocrx_word' id='word_1_135' title='bbox 1452 2520 1513 2584; x_wconf 92' lang='lat' dir='ltr'>per</span> 
     </span>
     <span class='ocr_line' id='line_1_22' title="bbox 426 2596 1621 2679; baseline 0.006 -19"><span class='ocrx_word' id='word_1_136' title='bbox 426 2597 654 2679; x_wconf 85' lang='lat' dir='ltr'>provisionum,</span> <span class='ocrx_word' id='word_1_137' title='bbox 670 2598 776 2664; x_wconf 85' lang='lat' dir='ltr'>donee</span> <span class='ocrx_word' id='word_1_138' title='bbox 798 2596 982 2679; x_wconf 89' lang='lat' dir='ltr'>provisores</span> <span class='ocrx_word' id='word_1_139' title='bbox 1003 2597 1096 2663; x_wconf 84' lang='lat' dir='ltr'>aliter</span> <span class='ocrx_word' id='word_1_140' title='bbox 1113 2597 1324 2663; x_wconf 83' lang='lat' dir='ltr'>ordinandum</span> <span class='ocrx_word' id='word_1_141' title='bbox 1340 2599 1509 2666; x_wconf 79' lang='lat' dir='ltr'>duxerint.</span> <span class='ocrx_word' id='word_1_142' title='bbox 1620 2669 1621 2672; x_wconf 68' lang='grc'>,</span> 
     </span>
    </p>
   </div>
   <div class='ocr_carea' id='block_1_18' title="bbox 471 2776 1621 2866">
    <p class='ocr_par' dir='ltr' id='par_1_18' title="bbox 471 2776 1621 2866">
     <span class='ocr_line' id='line_1_23' title="bbox 471 2776 1621 2866; baseline 0.003 -24"><span class='ocrx_word' id='word_1_143' title='bbox 471 2776 1508 2859; x_wconf 76' lang='lat' dir='ltr'>bennatttquoauprandiaactuumattarunqussotemnttatum</span> <span class='ocrx_word' id='word_1_144' title='bbox 1620 2815 1621 2866; x_wconf 65' lang='lat'>3</span> 
     </span>
    </p>
   </div>
   <div class='ocr_carea' id='block_1_19' title="bbox 424 2877 1621 3056">
    <p class='ocr_par' dir='ltr' id='par_1_19' title="bbox 424 2877 1621 3056">
     <span class='ocr_line' id='line_1_24' title="bbox 426 2877 1621 2957; baseline 0.002 -17"><span class='ocrx_word' id='word_1_145' title='bbox 426 2887 572 2942; x_wconf 87' lang='lat' dir='ltr'>servetur</span> <span class='ocrx_word' id='word_1_146' title='bbox 585 2877 718 2957; x_wconf 85' lang='lat' dir='ltr'>pristina</span> <span class='ocrx_word' id='word_1_147' title='bbox 732 2878 943 2952; x_wconf 84' lang='lat' dir='ltr'>cousuetudo,</span> <span class='ocrx_word' id='word_1_148' title='bbox 962 2885 994 2940; x_wconf 87' lang='lat' dir='ltr'>ut</span> <span class='ocrx_word' id='word_1_149' title='bbox 1011 2879 1048 2946; x_wconf 85' lang='lat' dir='ltr'>ad</span> <span class='ocrx_word' id='word_1_150' title='bbox 1065 2877 1119 2942; x_wconf 88' lang='lat' dir='ltr'>itta</span> <span class='ocrx_word' id='word_1_151' title='bbox 1134 2879 1285 2944; x_wconf 84' lang='lat' dir='ltr'>invitetur</span> <span class='ocrx_word' id='word_1_152' title='bbox 1297 2890 1404 2957; x_wconf 86' lang='lat' dir='ltr'>pator;</span> <span class='ocrx_word' id='word_1_153' title='bbox 1423 2889 1470 2954; x_wconf 81' lang='lat' dir='ltr'>ot,</span> <span class='ocrx_word' id='word_1_154' title='bbox 1482 2881 1511 2943; x_wconf 85' lang='lat' dir='ltr'>si</span> <span class='ocrx_word' id='word_1_155' title='bbox 1620 2893 1621 2942; x_wconf 74' lang='lat' dir='ltr'>s</span> 
     </span>
     <span class='ocr_line' id='line_1_25' title="bbox 424 2975 1621 3056; baseline 0.003 -18"><span class='ocrx_word' id='word_1_156' title='bbox 424 2975 558 3050; x_wconf 83' lang='lat' dir='ltr'>venerit,</span> <span class='ocrx_word' id='word_1_157' title='bbox 587 2976 701 3040; x_wconf 87' lang='lat' dir='ltr'>babeat</span> <span class='ocrx_word' id='word_1_158' title='bbox 727 2975 976 3040; x_wconf 85' lang='lat' dir='ltr'>interioritates</span> <span class='ocrx_word' id='word_1_159' title='bbox 1001 2977 1105 3042; x_wconf 84' lang='lat' dir='ltr'>ionum</span> <span class='ocrx_word' id='word_1_160' title='bbox 1125 2977 1306 3040; x_wconf 82' lang='lat' dir='ltr'>immediate</span> <span class='ocrx_word' id='word_1_161' title='bbox 1322 2987 1396 3056; x_wconf 88' lang='lat' dir='ltr'>post</span> <span class='ocrx_word' id='word_1_162' title='bbox 1412 2977 1509 3042; x_wconf 82' lang='lat' dir='ltr'>deee-</span> <span class='ocrx_word' id='word_1_163' title='bbox 1620 3019 1621 3030; x_wconf 34' lang='lat' dir='ltr'>t</span> 
     </span>
    </p>
   </div>
   <div class='ocr_carea' id='block_1_20' title="bbox 425 3073 1510 3254">
    <p class='ocr_par' dir='ltr' id='par_1_20' title="bbox 425 3073 1510 3254">
     <span class='ocr_line' id='line_1_26' title="bbox 427 3073 1510 3156; baseline 0.004 -19"><span class='ocrx_word' id='word_1_164' title='bbox 427 3091 501 3138; x_wconf 91' lang='lat' dir='ltr'>nurn</span> <span class='ocrx_word' id='word_1_165' title='bbox 527 3075 685 3138; x_wconf 79' lang='lat' dir='ltr'>facultatis</span> <span class='ocrx_word' id='word_1_166' title='bbox 706 3076 835 3140; x_wconf 84' lang='lat' dir='ltr'>artium.</span> <span class='ocrx_word' id='word_1_167' title='bbox 860 3073 993 3154; x_wconf 84' lang='lat' dir='ltr'>insuper</span> <span class='ocrx_word' id='word_1_168' title='bbox 1019 3075 1124 3140; x_wconf 86' lang='lat' dir='ltr'>dietus</span> <span class='ocrx_word' id='word_1_169' title='bbox 1148 3087 1236 3154; x_wconf 89' lang='lat' dir='ltr'>pater</span> <span class='ocrx_word' id='word_1_170' title='bbox 1256 3092 1328 3140; x_wconf 92' lang='lat' dir='ltr'>oum</span> <span class='ocrx_word' id='word_1_171' title='bbox 1352 3085 1510 3156; x_wconf 87' lang='lat' dir='ltr'>suppatre</span> 
     </span>
     <span class='ocr_line' id='line_1_27' title="bbox 425 3173 1508 3254; baseline 0.002 -18"><span class='ocrx_word' id='word_1_172' title='bbox 425 3173 552 3254; x_wconf 88' lang='lat' dir='ltr'>alioque</span> <span class='ocrx_word' id='word_1_173' title='bbox 576 3190 638 3236; x_wconf 92' lang='lat' dir='ltr'>uno</span> <span class='ocrx_word' id='word_1_174' title='bbox 663 3173 813 3252; x_wconf 77' lang='lat' dir='ltr'>magistro</span> <span class='ocrx_word' id='word_1_175' title='bbox 838 3189 915 3236; x_wconf 85' lang='lat' dir='ltr'>anae</span> <span class='ocrx_word' id='word_1_176' title='bbox 932 3173 1047 3238; x_wconf 89' lang='lat' dir='ltr'>domus</span> <span class='ocrx_word' id='word_1_177' title='bbox 1062 3174 1178 3237; x_wconf 88' lang='lat' dir='ltr'>debant</span> <span class='ocrx_word' id='word_1_178' title='bbox 1193 3173 1319 3238; x_wconf 84' lang='lat' dir='ltr'>invitari</span> <span class='ocrx_word' id='word_1_179' title='bbox 1333 3174 1374 3236; x_wconf 91' lang='lat' dir='ltr'>ad</span> <span class='ocrx_word' id='word_1_180' title='bbox 1390 3191 1508 3238; x_wconf 89' lang='lat' dir='ltr'>omnes</span> 
     </span>
    </p>
   </div>
   <div class='ocr_carea' id='block_1_21' title="bbox 426 3269 1621 3354">
    <p class='ocr_par' dir='ltr' id='par_1_21' title="bbox 426 3269 1621 3354">
     <span class='ocr_line' id='line_1_28' title="bbox 426 3269 1621 3354; baseline 0.002 -20"><span class='ocrx_word' id='word_1_181' title='bbox 426 3273 609 3354; x_wconf 78' lang='lat' dir='ltr'>paedogogii</span> <span class='ocrx_word' id='word_1_182' title='bbox 626 3271 808 3336; x_wconf 87' lang='lat' dir='ltr'>Standouiei</span> <span class='ocrx_word' id='word_1_183' title='bbox 825 3285 915 3338; x_wconf 86' lang='lat' dir='ltr'>aetus</span> <span class='ocrx_word' id='word_1_184' title='bbox 930 3271 1153 3344; x_wconf 87' lang='lat' dir='ltr'>seboiastiuos‚</span> <span class='ocrx_word' id='word_1_185' title='bbox 1171 3283 1205 3336; x_wconf 90' lang='lat' dir='ltr'>ut</span> <span class='ocrx_word' id='word_1_186' title='bbox 1224 3273 1255 3334; x_wconf 93' lang='lat' dir='ltr'>in</span> <span class='ocrx_word' id='word_1_187' title='bbox 1272 3273 1336 3334; x_wconf 87' lang='lat' dir='ltr'>illis</span> <span class='ocrx_word' id='word_1_188' title='bbox 1353 3289 1415 3335; x_wconf 92' lang='lat' dir='ltr'>una</span> <span class='ocrx_word' id='word_1_189' title='bbox 1432 3289 1505 3336; x_wconf 89' lang='lat' dir='ltr'>eum</span> <span class='ocrx_word' id='word_1_190' title='bbox 1620 3269 1621 3278; x_wconf 76' lang='grc'>’</span> 
     </span>
    </p>
   </div>
   <div class='ocr_carea' id='block_1_22' title="bbox 425 3371 1504 3550">
    <p class='ocr_par' dir='ltr' id='par_1_22' title="bbox 425 3371 1504 3550">
     <span class='ocr_line' id='line_1_29' title="bbox 425 3371 1504 3451; baseline -0.001 -17"><span class='ocrx_word' id='word_1_191' title='bbox 425 3373 496 3434; x_wconf 90' lang='lat' dir='ltr'>aiiis</span> <span class='ocrx_word' id='word_1_192' title='bbox 523 3371 656 3450; x_wconf 83' lang='lat' dir='ltr'>accipiat</span> <span class='ocrx_word' id='word_1_193' title='bbox 681 3371 897 3446; x_wconf 69' lang='lat' dir='ltr'>chirothecam</span> <span class='ocrx_word' id='word_1_194' title='bbox 926 3371 1124 3449; x_wconf 82' lang='lat' dir='ltr'>debeantque</span> <span class='ocrx_word' id='word_1_195' title='bbox 1149 3372 1242 3434; x_wconf 89' lang='lat' dir='ltr'>etiam</span> <span class='ocrx_word' id='word_1_196' title='bbox 1269 3371 1332 3434; x_wconf 90' lang='lat' dir='ltr'>duo</span> <span class='ocrx_word' id='word_1_197' title='bbox 1359 3371 1504 3451; x_wconf 84' lang='lat' dir='ltr'>mogioiri</span> 
     </span>
     <span class='ocr_line' id='line_1_30' title="bbox 425 3469 1504 3550; baseline -0.001 -16"><span class='ocrx_word' id='word_1_198' title='bbox 425 3471 539 3535; x_wconf 91' lang='lat' dir='ltr'>domus</span> <span class='ocrx_word' id='word_1_199' title='bbox 566 3470 775 3534; x_wconf 86' lang='lat' dir='ltr'>Standonieee</span> <span class='ocrx_word' id='word_1_200' title='bbox 802 3481 925 3550; x_wconf 85' lang='lat' dir='ltr'>praeter</span> <span class='ocrx_word' id='word_1_201' title='bbox 953 3479 1073 3548; x_wconf 88' lang='lat' dir='ltr'>patrem</span> <span class='ocrx_word' id='word_1_202' title='bbox 1100 3471 1211 3532; x_wconf 85' lang='lat' dir='ltr'>saitem</span> <span class='ocrx_word' id='word_1_203' title='bbox 1239 3469 1336 3532; x_wconf 89' lang='lat' dir='ltr'>semel</span> <span class='ocrx_word' id='word_1_204' title='bbox 1361 3469 1393 3530; x_wconf 89' lang='lat' dir='ltr'>itt</span> <span class='ocrx_word' id='word_1_205' title='bbox 1417 3485 1504 3533; x_wconf 90' lang='lat' dir='ltr'>anno</span> 
     </span>
    </p>
   </div>
   <div class='ocr_carea' id='block_1_23' title="bbox 424 3567 1621 3650">
    <p class='ocr_par' dir='ltr' id='par_1_23' title="bbox 424 3567 1621 3650">
     <span class='ocr_line' id='line_1_31' title="bbox 424 3567 1621 3650; baseline -0.001 -18"><span class='ocrx_word' id='word_1_206' title='bbox 424 3569 549 3632; x_wconf 84' lang='lat' dir='ltr'>invitari</span> <span class='ocrx_word' id='word_1_207' title='bbox 568 3585 584 3631; x_wconf 89' lang='lat' dir='ltr'>a</span> <span class='ocrx_word' id='word_1_208' title='bbox 608 3569 802 3650; x_wconf 83' lang='lat' dir='ltr'>paedagogio</span> <span class='ocrx_word' id='word_1_209' title='bbox 821 3572 858 3632; x_wconf 90' lang='lat' dir='ltr'>ad</span> <span class='ocrx_word' id='word_1_210' title='bbox 875 3579 978 3632; x_wconf 84' lang='lat' dir='ltr'>aetum</span> <span class='ocrx_word' id='word_1_211' title='bbox 996 3569 1171 3643; x_wconf 85' lang='lat' dir='ltr'>ibrntelem,</span> <span class='ocrx_word' id='word_1_212' title='bbox 1189 3577 1222 3630; x_wconf 87' lang='lat' dir='ltr'>ut</span> <span class='ocrx_word' id='word_1_213' title='bbox 1237 3567 1323 3630; x_wconf 86' lang='lat' dir='ltr'>ilium</span> <span class='ocrx_word' id='word_1_214' title='bbox 1342 3569 1504 3632; x_wconf 76' lang='lat' dir='ltr'>honorent</span> <span class='ocrx_word' id='word_1_215' title='bbox 1620 3603 1621 3608; x_wconf 21' lang='grc' dir='ltr'><strong>κ</strong></span> 
     </span>
    </p>
   </div>
   <div class='ocr_carea' id='block_1_24' title="bbox 424 3665 1503 4044">
    <p class='ocr_par' dir='ltr' id='par_1_24' title="bbox 424 3665 1503 4044">
     <span class='ocr_line' id='line_1_32' title="bbox 424 3665 1503 3748; baseline -0.002 -18"><span class='ocrx_word' id='word_1_216' title='bbox 424 3669 455 3731; x_wconf 94' lang='lat' dir='ltr'>in</span> <span class='ocrx_word' id='word_1_217' title='bbox 474 3667 607 3748; x_wconf 88' lang='lat' dir='ltr'>prandio</span> <span class='ocrx_word' id='word_1_218' title='bbox 631 3667 895 3748; x_wconf 78' lang='lat' dir='ltr'>queamdmodum</span> <span class='ocrx_word' id='word_1_219' title='bbox 922 3667 954 3728; x_wconf 91' lang='lat' dir='ltr'>in</span> <span class='ocrx_word' id='word_1_220' title='bbox 981 3667 1071 3730; x_wconf 84' lang='lat' dir='ltr'>netis.</span> <span class='ocrx_word' id='word_1_221' title='bbox 1096 3665 1247 3729; x_wconf 86' lang='lat' dir='ltr'>Sitniiiter</span> <span class='ocrx_word' id='word_1_222' title='bbox 1261 3683 1337 3728; x_wconf 84' lang='lat' dir='ltr'>vero</span> <span class='ocrx_word' id='word_1_223' title='bbox 1358 3673 1391 3728; x_wconf 80' lang='lat' dir='ltr'>ui</span> <span class='ocrx_word' id='word_1_224' title='bbox 1407 3665 1503 3729; x_wconf 90' lang='lat' dir='ltr'>etiam</span> 
     </span>
     <span class='ocr_line' id='line_1_33' title="bbox 425 3763 1502 3845; baseline -0.002 -17"><span class='ocrx_word' id='word_1_225' title='bbox 425 3765 538 3830; x_wconf 88' lang='lat' dir='ltr'>domus</span> <span class='ocrx_word' id='word_1_226' title='bbox 564 3767 755 3830; x_wconf 84' lang='lat' dir='ltr'>Staudottiaa</span> <span class='ocrx_word' id='word_1_227' title='bbox 781 3775 933 3829; x_wconf 84' lang='lat' dir='ltr'>consueta</span> <span class='ocrx_word' id='word_1_228' title='bbox 956 3765 1099 3845; x_wconf 86' lang='lat' dir='ltr'>prandia,</span> <span class='ocrx_word' id='word_1_229' title='bbox 1124 3765 1162 3828; x_wconf 90' lang='lat' dir='ltr'>ad</span> <span class='ocrx_word' id='word_1_230' title='bbox 1189 3781 1270 3845; x_wconf 87' lang='lat' dir='ltr'>quae</span> <span class='ocrx_word' id='word_1_231' title='bbox 1296 3763 1502 3844; x_wconf 83' lang='lat' dir='ltr'>paedagogici</span> 
     </span>
     <span class='ocr_line' id='line_1_34' title="bbox 426 3861 1502 3944; baseline -0.003 -16"><span class='ocrx_word' id='word_1_232' title='bbox 426 3865 529 3929; x_wconf 88' lang='lat' dir='ltr'>solent</span> <span class='ocrx_word' id='word_1_233' title='bbox 543 3865 679 3940; x_wconf 82' lang='lat' dir='ltr'>imitari,</span> <span class='ocrx_word' id='word_1_234' title='bbox 696 3863 879 3939; x_wconf 82' lang='lat' dir='ltr'>celebrabit,</span> <span class='ocrx_word' id='word_1_235' title='bbox 907 3863 967 3928; x_wconf 90' lang='lat' dir='ltr'>nisi</span> <span class='ocrx_word' id='word_1_236' title='bbox 996 3881 1052 3944; x_wconf 87' lang='lat' dir='ltr'>per</span> <span class='ocrx_word' id='word_1_237' title='bbox 1077 3865 1261 3943; x_wconf 77' lang='lat' dir='ltr'>provisores</span> <span class='ocrx_word' id='word_1_238' title='bbox 1288 3861 1380 3926; x_wconf 89' lang='lat' dir='ltr'>atiter</span> <span class='ocrx_word' id='word_1_239' title='bbox 1406 3863 1502 3928; x_wconf 87' lang='lat' dir='ltr'>fuerit</span> 
     </span>
     <span class='ocr_line' id='line_1_35' title="bbox 426 3962 768 4044; baseline -0.006 -18"><span class='ocrx_word' id='word_1_240' title='bbox 426 3962 563 4044; x_wconf 85' lang='lat' dir='ltr'>desuper</span> <span class='ocrx_word' id='word_1_241' title='bbox 579 3965 768 4027; x_wconf 87' lang='lat' dir='ltr'>ordinatum.</span> 
     </span>
    </p>
   </div>
   <div class='ocr_carea' id='block_1_25' title="bbox 470 4139 1621 4225">
    <p class='ocr_par' dir='ltr' id='par_1_25' title="bbox 470 4139 1621 4225">
     <span class='ocr_line' id='line_1_36' title="bbox 470 4139 1621 4225; baseline -0.003 -17"><span class='ocrx_word' id='word_1_242' title='bbox 470 4145 640 4208; x_wconf 72' lang='lat' dir='ltr'>[tridecimo.</span> <span class='ocrx_word' id='word_1_243' title='bbox 659 4145 815 4210; x_wconf 89' lang='lat' dir='ltr'>Utdictus</span> <span class='ocrx_word' id='word_1_244' title='bbox 832 4145 965 4225; x_wconf 83' lang='lat' dir='ltr'>poterin</span> <span class='ocrx_word' id='word_1_245' title='bbox 991 4154 1151 4224; x_wconf 88' lang='lat' dir='ltr'>posterum</span> <span class='ocrx_word' id='word_1_246' title='bbox 1175 4142 1331 4206; x_wconf 87' lang='lat' dir='ltr'>abstineat</span> <span class='ocrx_word' id='word_1_247' title='bbox 1343 4156 1379 4206; x_wconf 88' lang='lat' dir='ltr'>se</span> <span class='ocrx_word' id='word_1_248' title='bbox 1394 4139 1503 4222; x_wconf 86' lang='lat' dir='ltr'>appel·</span> <span class='ocrx_word' id='word_1_249' title='bbox 1620 4197 1621 4204; x_wconf 75' lang='grc'>,</span> 
     </span>
    </p>
   </div>
   <div class='ocr_carea' id='block_1_26' title="bbox 0 0 1647 4948">
    <p class='ocr_par' dir='ltr' id='par_1_26' title="bbox 0 0 1647 4948">
     <span class='ocr_line' id='line_1_37' title="bbox 0 0 1647 4948; baseline 0 0"><span class='ocrx_word' id='word_1_250' title='bbox 0 0 1647 4948; x_wconf 95' lang='lat' dir='ltr'> </span> 
     </span>
    </p>
   </div>
  </div>
 </body>
</html>
