3248 4954
707 457 891 522 -103-

252 641 446 723 praesidenti
477 649 508 704 et
537 639 694 704 burseriis
724 639 859 720 siugulis
892 649 1019 720 praeter
1048 639 1276 705 habitationem
1308 647 1340 706 et

254 757 347 805 usum
371 739 580 820 supellectilis
603 739 705 803 voluit
726 739 862 819 singulis
886 739 1076 818 septimanis
1100 739 1181 802 solvi
1204 750 1341 820 quatuor

252 839 407 902 stnleros.

295 938 394 1018 llujus
424 935 550 1017 collegii
590 936 777 1017 praesidens
810 937 1005 1001 novissimus
1043 937 1101 1000 luit
1130 937 1279 1001 dominus
1309 946 1341 1002 et
1428 987 1431 992 .

254 1037 406 1118 magister
434 1033 560 1099 Samudl
592 1035 755 1116 Loyaerts‚
785 1045 860 1098 tunc
890 1035 1085 1108 licentiatus.
1114 1053 1200 1100 111166
1225 1036 1341 1100 doctor

252 1152 364 1200 saeuae
387 1135 578 1216 theologiae,
606 1135 658 1216 oui
689 1135 721 1196 in
751 1150 836 1199 anno
865 1135 1049 1212 [millesimo
1073 1136 1341 1216 quingentesimo]

253 1234 493 1316 septuagesimo
523 1242 636 1298 octavo
667 1247 852 1314 assumptus
888 1234 945 1298 luit
973 1234 1009 1297 ad
1042 1251 1149 1298 curam
1187 1234 1342 1299 ecclesiae

252 1333 447 1414 parochialis
460 1334 561 1398 sancti
575 1333 740 1397 Michaelis
754 1333 976 1397 lovaniensis.
995 1332 1064 1408 Quo
1077 1350 1114 1397 ex
1131 1335 1193 1398 hoc
1205 1333 1342 1416 collegio

254 1436 302 1499 sio
333 1436 500 1514 migrante.
528 1433 612 1496 diota
637 1433 816 1513 collegiatis
842 1433 957 1496 domus
985 1449 1043 1512 per
1073 1432 1189 1498 milites
1218 1433 1341 1513 praesi-

250 1533 374 1597 diarios
398 1543 542 1604 onerata,
560 1533 602 1595 ita
626 1531 707 1595 male
723 1539 855 1596 tractata
878 1542 940 1606 est,
959 1541 1111 1612 utusque
1133 1531 1171 1596 ad
1189 1532 1294 1596 solum
1311 1542 1343 1596 et

253 1649 359 1696 aream
383 1633 512 1696 redacta
535 1631 631 1695 luerit
655 1631 842 1712 nullumque
858 1631 995 1710 amplius
1018 1640 1121 1696 exstet
1144 1630 1339 1696 aedificium.

252 1732 298 1796 lta
325 1731 410 1811 quod
426 1748 464 1795 ex
486 1731 572 1795 dioto
588 1746 672 1794 anno
694 1731 933 1811 septuagesimo
956 1739 1069 1795 octavo
1087 1747 1179 1794 nemo
1202 1730 1341 1809 amplius

253 1831 421 1894 bursarius
447 1829 542 1893 lherit
569 1846 627 1893 nec
654 1845 728 1893 esse
754 1830 903 1908 potuerit,
934 1839 966 1894 et
997 1831 1118 1894 reditus
1146 1828 1221 1893 inde
1246 1838 1341 1910 atoue

249 1931 347 1995 etiam
366 1931 454 2010 prius
471 1929 568 1994 soluti
585 1945 647 1992 nou
665 1929 793 2000 luerint.
814 1939 847 1994 ut
863 1946 975 2010 magna
992 1929 1034 1992 sit
1050 1927 1233 2008 desperatio
1249 1927 1341 1992 resti-

253 2029 362 2093 tuendi
380 2029 475 2108 huius
490 2028 629 2108 collegii,
648 2029 716 2091 sola
734 2028 839 2108 aliona
856 2045 914 2106 spe
936 2035 1084 2092 manente
1099 2027 1192 2090 aliam
1208 2026 1339 2091 domum

253 2127 460 2207 comparandi
484 2144 522 2191 ex
548 2127 708 2190 redituum
735 2128 910 2208 arriragiis‚
939 2142 1036 2207 quum
1069 2126 1122 2189 illa
1150 2131 1340 2204 recuperata

255 2237 360 2290 erunt.

293 2325 482 2390 provisores
498 2324 594 2405 huius
610 2325 737 2405 collegii
755 2335 831 2389 surrt
847 2324 1002 2405 plebanus
1019 2323 1120 2388 sancti
1139 2323 1222 2387 Petri
1241 2323 1338 2388 Loua-

254 2423 376 2488 niensis
392 2432 422 2487 et
439 2423 627 2504 praesidens
643 2423 770 2504 collegii
787 2423 1011 2504 theologorum
1028 2423 1079 2500 ll).

402 2641 427 2695 cl
447 2637 559 2690 1161ναί1
572 2642 605 2689 da
618 2635 759 2691 l'Historia
773 2637 985 2690 Lovaniensium
997 2643 1031 2690 de
1043 2638 1184 2694 Melaniae.

183 2821 189 2832 ·
295 2792 461 2872 Collegium
493 2792 721 2858 Mechltnteuee.
760 2793 923 2856 hruoldus
961 2793 1048 2866 Trot,
1085 2791 1337 2865 lleohllniensis‚

253 2888 389 2969 primum
412 2890 558 2955 hedellue
575 2891 732 2955 facultatis
755 2907 866 2955 sacrae
883 2891 1077 2972 theologiae,
1096 2901 1207 2972 postea
1231 2890 1340 2969 capel-

286 3103 320 3177 (l)
339 3105 437 3160 Valere
450 3105 553 3170 Andre,
569 3113 597 3160 et
609 3115 690 3178 apres
710 3107 750 3161 lni
765 3108 834 3175 Bae,
849 3107 987 3162 affirment
1000 3125 1054 3178 que
1067 3109 1108 3161 les
1128 3107 1287 3178 proviseurs
1300 3108 1339 3161 du

250 3196 356 3264 college
368 3195 471 3250 etaient
490 3199 516 3250 le
529 3198 630 3268 plebem
649 3199 683 3252 de
698 3198 885 3253 Sciat-Pierre
904 3204 932 3253 et
945 3199 971 3252 le
985 3199 1074 3270 doyen
1093 3199 1128 3253 de
1142 3200 1170 3252 16
1189 3199 1292 3252 1666116
1306 3198 1340 3252 de

251 3284 400 3356 theologie,
416 3288 507 3342 tendis
527 3290 554 3342 le
569 3289 693 3355 Rappold
713 3289 848 3360 rempleoe
868 3307 899 3343 ce
913 3289 1023 3343 dernier
1041 3305 1092 3360 par
1108 3291 1134 3343 le
1151 3289 1290 3359 president
1303 3289 1340 3341 du

246 3377 356 3446 college
369 3379 407 3431 du
421 3378 613 3449 saint-Esprit.
630 3380 688 3433 Bax
701 3397 804 3450 prouve
817 3397 867 3433 son
881 3380 1015 3433 assertion
1030 3396 1079 3450 par
1099 3396 1137 3432 un
1152 3384 1212 3434 acte
1226 3396 1260 3432 en
1275 3379 1341 3433 date

250 3468 286 3520 du
300 3469 337 3523 23
350 3471 495 3523 novembre
519 3469 599 3534 1550,
614 3471 716 3542 auquel
736 3472 776 3525 les
797 3470 953 3541 proviseurs
973 3471 1009 3524 du
1031 3470 1136 3540 college
1155 3468 1257 3524 etaient
1281 3467 1340 3539 prti-

249 3564 334 3613 sents.
353 3586 365 3604 a
384 3560 545 3615 Provisores
564 3579 613 3616 eeu
633 3561 782 3616 directores
803 3561 972 3616 fundationis
995 3562 1110 3616 Arnoldi
1132 3561 1210 3621 Trot,
1227 3558 1338 3627 derit-il,

250 3674 263 3695 η
280 3659 345 3704 6661
366 3652 486 3705 decanus
506 3651 646 3706 facultatis
666 3652 837 3722 theologicae
860 3660 887 3706 et
901 3654 1035 3722 plebanus
1049 3652 1105 3706 divi
1133 3651 1222 3718 Petrl;
1251 3667 1339 3722 eoque

248 3765 262 3784 a·
280 3739 371 3803 titulo,
384 3741 421 3795 23
435 3742 589 3796 novembris
604 3742 683 3808 1550,
696 3743 826 3798 Ruardus
836 3743 954 3814 Tapper‚
967 3759 1062 3796 sacrae
1075 3741 1230 3810 theologiae
1244 3742 1340 3794 doctor

250 3855 263 3878 n
278 3830 369 3885 senior
389 3831 449 3885 loco
469 3831 578 3900 deceni,
594 3841 621 3886 et
645 3834 743 3888 Petrus
763 3834 797 3887 de
812 3834 904 3899 Corte,
920 3834 1054 3903 plebanus
1074 3831 1129 3886 divi
1144 3831 1229 3895 Petri,
1245 3846 1340 3884 sacrae

250 3943 263 3967 n
280 3920 434 3990 theologiae
456 3922 552 3976 doctor
570 3927 598 3977 et
618 3923 758 3979 facultatis
778 3922 950 3992 theologicae
969 3929 1035 3978 tunc
1055 3923 1186 3986 decanus,
1205 3922 1247 3976 uti
1267 3937 1340 3975 com·

248 4035 262 4057 o
278 4012 398 4067 missarii
424 4017 452 4066 et
478 4014 634 4083 provisores
660 4013 771 4084 collegii
798 4019 902 4086 septem
929 4015 1083 4068 burealium
1114 4013 1285 4069 studentium
1311 4011 1340 4064 in

249 4126 263 4147 u
278 4103 410 4158 facultate
423 4102 536 4166 artium,
557 4105 664 4158 fundali
691 4121 739 4176 per
759 4104 912 4159 Arnoldum
936 4105 1014 4166 Trot.
1029 4105 1096 4158 dant
1120 4102 1339 4175 procuratorium

250 4217 263 4238 π
279 4209 371 4247 661661
390 4193 497 4248 notario
516 4193 636 4249 Johanni
655 4195 715 4250 Van
730 4195 816 4262 Horo,
830 4196 964 4266 receptori
979 4196 1062 4266 hujus
1078 4195 1200 4264 collegii,
1222 4200 1250 4250 et
1272 4192 1340 4247 aliis

249 4309 263 4330 υ
279 4283 313 4338 ad
328 4285 494 4355 exigendum
503 4285 576 4355 juris
589 4287 633 4342 vie
645 4307 662 4342 a
675 4288 789 4342 diversis
803 4287 983 4348 debitoribus.
998 4292 1051 4351 ete,
1068 4313 1082 4336 n
