3130 4956
645 517 833 603 -lot-

193 711 362 794 babuerat,
391 719 540 800 pauciora
563 729 688 794 tamen:
717 721 907 800 opinabatur
932 721 1015 786 onim
1040 719 1181 787 decanus
1203 731 1276 789 eunt

193 819 423 902 essosscleotum
441 827 473 885 et
488 820 684 900 deputatum.
711 820 802 896 Acri,
820 820 900 896 vill,
918 820 972 886 lol.
993 820 1050 885 137
1066 834 1099 886 νο
1115 829 1146 887 ot
1162 822 1221 886 138
1236 831 1275 886 r⁰.

239 1018 391 1100 Sequitur
405 1022 492 1080 tenor
506 1017 664 1080 concordie
685 1019 763 1081 inter
777 1017 934 1100 deputatos
950 1019 1107 1098 facultatis
1122 1021 1233 1084 ortium
1249 1027 1278 1084 el

198 1123 375 1181 executores
389 1115 578 1180 bortorobilia
593 1116 744 1198 quondum
760 1118 817 1179 oiri
832 1118 946 1182 domini
961 1126 990 1181 et
1005 1119 1141 1198 mnqr'stri
1159 1119 1277 1186 tonan-

197 1217 248 1279 nis
263 1217 377 1281 Heems
392 1214 430 1278 ob
446 1217 641 1280 Armenteriu
655 1223 804 1296 corrrrple,
820 1217 855 1278 dc
871 1232 930 1297 qno
946 1217 1088 1298 inprime
1104 1223 1131 1281 ct
1146 1219 1276 1281 recaredo

195 1316 339 1379 articulis
353 1315 593 1396 cooperationis
614 1316 871 1388 extraordinarie,
898 1315 1008 1380 indicte
1031 1324 1066 1380 c·
1088 1317 1198 1381 merrsir
1220 1335 1275 1380 aa·

195 1416 279 1495 quati
293 1432 376 1478 anno
390 1415 490 1493 [aad]
501 1414 545 1478 lc.

236 1614 273 1678 ln
302 1613 432 1679 nomine
461 1613 597 1688 Domini,
628 1612 739 1685 Amen.
770 1623 831 1678 etc.
859 1612 960 1693 Super
985 1613 1214 1678 controversiis
1241 1624 1271 1680 et

195 1712 319 1790 litibus,
349 1729 414 1794 que
442 1724 552 1778 exorte
580 1713 708 1778 luerunt
736 1721 768 1778 et
792 1713 953 1778 exoritura
979 1712 1166 1777 uidebantur
1191 1713 1275 1778 inter

194 1813 410 1878 venerandam
430 1812 611 1876 laenitatem
633 1810 746 1876 artium
771 1828 810 1875 ex
826 1827 898 1885 una,
915 1819 947 1875 et
961 1821 1151 1876 executores
1166 1827 1203 1877 ac
1220 1814 1275 1876 lre·

194 1911 290 1976 redes
313 1909 475 1992 quondam
495 1909 687 1975 venerabilis
709 1908 767 1971 viri
790 1919 821 1972 et
843 1909 962 1972 domini
985 1908 1141 1973 Jolrannis
1160 1908 1275 1975 Heems

194 2009 235 2073 ab
249 2008 463 2088 Armenleria,
481 2007 639 2074 medicine
654 2008 797 2072 doctoris
809 2017 840 2072 et
853 2007 993 2090 regentis
1011 2007 1174 2089 pedagogii
1190 2006 1273 2083 Lilii,

195 2109 271 2174 dum
297 2108 431 2183 vireret,
459 2117 521 2171 tam
545 2125 642 2189 super
669 2107 862 2188 proprietate
891 2108 976 2171 dicto
1001 2109 1115 2172 domus
1142 2107 1272 2182 biliaue,

195 2207 279 2273 borti
291 2208 324 2271 io
338 2209 440 2288 platea
454 2207 689 2288 Flamingorurn
702 2216 732 2270 et
745 2207 879 2271 aliorum
892 2223 1167 2287 quorumcumque
1180 2207 1274 2272 latius

194 2307 226 2372 ia
256 2315 451 2372 testamento
481 2307 640 2388 quondam
670 2305 791 2371 domini
818 2313 850 2371 et
879 2305 1021 2387 magistri
1047 2306 1149 2370 Caroli
1179 2305 1274 2370 viruli

194 2406 476 2480 contionatorum,
508 2421 602 2486 quam
632 2421 728 2485 super
759 2405 912 2486 regentia,
940 2405 1215 2470 administratione
1242 2417 1274 2471 et

194 2515 361 2586 patronatu
389 2505 475 2569 dicte
496 2505 623 2580 domus,
650 2521 743 2586 quem
771 2521 809 2568 ex
836 2513 1025 2569 testamento
1051 2504 1127 2568 dicti
1153 2505 1273 2568 domini

195 2603 430 2668 ermenterianl
448 2603 653 2682 pretendebat
664 2602 813 2667 dominus
829 2601 1007 2666 anthonius
1021 2601 1179 2682 piperius,
1191 2620 1273 2668 unus

196 2703 415 2783 predictorum
430 2712 648 2778 executurum,
663 2701 895 2766 intercessione
911 2700 1068 2765 bonorum
1083 2701 1225 2765 virorum
1241 2709 1274 2766 et

196 2811 268 2882 post
292 2801 399 2865 varias
426 2801 731 2866 communicationes
753 2811 785 2865 et
806 2799 1054 2865 deliberationes
1077 2799 1271 2880 coenobitas,

195 2912 404 2977 conventum,
426 2910 621 2966 transactum
643 2909 674 2966 et
695 2900 922 2965 concordatum
945 2900 1000 2964 luit
1015 2900 1046 2962 in
1062 2899 1202 2973 modum,
1220 2899 1272 2980 qui

194 3001 342 3082 sequitur
359 3022 368 3063 a

233 3197 398 3279 imprimis
409 3196 483 3262 dicti
496 3195 615 3262 domini
630 3195 814 3278 provisores
826 3206 857 3262 et
869 3205 1110 3272 executores‚et
1122 3197 1272 3274 heredes,

193 3299 288 3364 simul
312 3308 346 3363 et
368 3297 498 3380 quilibet
520 3313 643 3370 eorum.
668 3307 825 3378 quatenus
848 3298 907 3362 beo
930 3314 982 3361 res
1007 3314 1064 3362 eos
1087 3313 1200 3362 omnes
1222 3307 1275 3362 aut

193 3397 370 3480 quemlibet
398 3411 507 3461 eorum
539 3397 706 3461 concernit
736 3396 860 3460 ratione
890 3396 1031 3476 predicte
1061 3395 1272 3469 executionis,

193 3495 394 3578 provisionis
415 3503 468 3559 aut
490 3495 639 3560 antedicti
656 3503 851 3576 patronatus,
870 3511 928 3574 pro
943 3495 1027 3558 bono
1045 3494 1131 3574 pacis
1154 3503 1186 3557 et
1202 3510 1274 3558 sese

194 3595 403 3661 exonerando
432 3593 620 3658 renunciant
650 3609 705 3673 per
740 3603 906 3673 presentes
935 3593 1097 3657 antedicto
1127 3602 1275 3672 pratense

195 3691 386 3776 provisioni,
411 3691 601 3773 patronatui,
626 3691 810 3771 proprietati
829 3691 980 3772 regenne,
1004 3701 1035 3755 et
1056 3691 1127 3755 aliis
1144 3690 1274 3770 quibus·

195 3807 335 3873 eumque
362 3790 488 3868 juribus
516 3799 548 3855 et
572 3789 763 3864 actionibus,
791 3789 1031 3870 quomodolibet
1057 3789 1118 3854 sibl
1151 3789 1276 3868 possint

195 3900 381 3973 competere
396 3905 434 3954 ac
449 3889 563 3954 dictam
579 3888 707 3953 domurn
730 3887 894 3962 tilianam,
919 3887 1045 3953 bortum
1068 3898 1099 3952 et
1126 3888 1186 3950 alia
1201 3903 1277 3968 que-

196 4007 336 4072 cumque
353 3989 435 4054 bona
459 4006 514 4070 per
535 3987 729 4052 antedictum
752 3987 915 4051 domiuum
937 3986 1084 4052 Carolum
1101 3986 1212 4063 viruli,
1231 3988 1275 4050 uti

196 4089 404 4172 premittitur.
427 4088 536 4152 relicta
558 4097 589 4152 et
612 4087 644 4149 in
667 4101 727 4150 suo
751 4095 942 4150 testamento
957 4085 1053 4150 latius
1070 4084 1274 4160 mentionata.

195 4203 298 4270 eaque
312 4185 432 4260 omnia,
447 4195 603 4267 quatenus
615 4183 646 4246 in
662 4201 698 4248 se
713 4192 762 4248 est
777 4194 808 4248 et
823 4183 912 4263 ipsos
927 4193 959 4247 et
973 4181 1146 4264 quemlibet
1162 4198 1274 4246 eorum

195 4301 401 4370 quacumque
415 4286 574 4366 qualitate,
593 4283 685 4347 tilulo
696 4283 746 4347 uel
761 4281 846 4363 jure,
858 4291 1056 4347 concernunt
1073 4290 1127 4346 aut
1142 4297 1276 4346 concer-
