<?xml version="1.0" encoding="UTF-8"?>
<!DOCTYPE html PUBLIC "-//W3C//DTD XHTML 1.0 Transitional//EN"
    "http://www.w3.org/TR/xhtml1/DTD/xhtml1-transitional.dtd">
<html xmlns="http://www.w3.org/1999/xhtml" xml:lang="en" lang="en">
 <head>
  <title>
</title>
<meta http-equiv="Content-Type" content="text/html;charset=utf-8" />
  <meta name='ocr-system' content='tesseract 3.04.00' />
  <meta name='ocr-capabilities' content='ocr_page ocr_carea ocr_par ocr_line ocrx_word'/>
</head>
<body>
  <div class='ocr_page' id='page_1' title='image "./documentsrelati01reusgoog/documentsrelati01reusgoog_1089.png"; bbox 0 0 3232 4942; ppageno 0'>
   <div class='ocr_carea' id='block_1_1' title="bbox 738 440 915 507">
    <p class='ocr_par' dir='ltr' id='par_1_1' title="bbox 738 440 915 507">
     <span class='ocr_line' id='line_1_1' title="bbox 738 440 915 507; baseline -0.034 0"><span class='ocrx_word' id='word_1_1' title='bbox 738 440 915 507; x_wconf 83' lang='lat' dir='ltr'>-llltl-</span> 
     </span>
    </p>
   </div>
   <div class='ocr_carea' id='block_1_2' title="bbox 264 619 1366 4069">
    <p class='ocr_par' dir='ltr' id='par_1_2' title="bbox 282 619 1366 902">
     <span class='ocr_line' id='line_1_2' title="bbox 282 619 1365 706; baseline 0.001 -20"><span class='ocrx_word' id='word_1_2' title='bbox 282 624 515 706; x_wconf 72' lang='lat' dir='ltr'>ascripsimus.</span> <span class='ocrx_word' id='word_1_3' title='bbox 534 622 662 689; x_wconf 84' lang='lat' dir='ltr'>chauii</span> <span class='ocrx_word' id='word_1_4' title='bbox 678 624 711 688; x_wconf 93' lang='lat' dir='ltr'>in</span> <span class='ocrx_word' id='word_1_5' title='bbox 735 631 895 690; x_wconf 87' lang='lat' dir='ltr'>conuentu</span> <span class='ocrx_word' id='word_1_6' title='bbox 920 630 1050 690; x_wconf 90' lang='lat' dir='ltr'>sanctae</span> <span class='ocrx_word' id='word_1_7' title='bbox 1067 622 1192 700; x_wconf 83' lang='lat' dir='ltr'>crucis,</span> <span class='ocrx_word' id='word_1_8' title='bbox 1205 621 1262 688; x_wconf 89' lang='lat' dir='ltr'>&#39;die</span> <span class='ocrx_word' id='word_1_9' title='bbox 1284 619 1365 704; x_wconf 78' lang='grc'>811·</span> 
     </span>
     <span class='ocr_line' id='line_1_3' title="bbox 282 720 1366 808; baseline 0.001 -24"><span class='ocrx_word' id='word_1_10' title='bbox 282 743 295 784; x_wconf 81' lang='lat' dir='ltr'>u</span> <span class='ocrx_word' id='word_1_11' title='bbox 314 723 416 788; x_wconf 84' lang='lat' dir='ltr'>nuarii</span> <span class='ocrx_word' id='word_1_12' title='bbox 433 721 523 786; x_wconf 85' lang='grc'>16119.</span> <span class='ocrx_word' id='word_1_13' title='bbox 542 722 577 786; x_wconf 88' lang='lat' dir='ltr'>P.</span> <span class='ocrx_word' id='word_1_14' title='bbox 596 723 760 788; x_wconf 81' lang='grc'>[11111111</span> <span class='ocrx_word' id='word_1_15' title='bbox 775 741 792 786; x_wconf 93' lang='lat' dir='ltr'>o</span> <span class='ocrx_word' id='word_1_16' title='bbox 807 724 920 799; x_wconf 83' lang='grc'>111111,</span> <span class='ocrx_word' id='word_1_17' title='bbox 937 722 1138 808; x_wconf 84' lang='lat' dir='ltr'>praedicator</span> <span class='ocrx_word' id='word_1_18' title='bbox 1156 720 1318 804; x_wconf 87' lang='lat' dir='ltr'>generalis</span> <span class='ocrx_word' id='word_1_19' title='bbox 1333 729 1366 788; x_wconf 87' lang='lat' dir='ltr'>et</span> 
     </span>
     <span class='ocr_line' id='line_1_4' title="bbox 282 820 930 902; baseline 0.006 -20"><span class='ocrx_word' id='word_1_20' title='bbox 282 843 296 882; x_wconf 82' lang='lat' dir='ltr'>b</span> <span class='ocrx_word' id='word_1_21' title='bbox 315 821 413 902; x_wconf 92' lang='lat' dir='ltr'>prior,</span> <span class='ocrx_word' id='word_1_22' title='bbox 430 837 503 886; x_wconf 90' lang='lat' dir='ltr'>eum</span> <span class='ocrx_word' id='word_1_23' title='bbox 519 820 642 902; x_wconf 87' lang='lat' dir='ltr'>reliqua</span> <span class='ocrx_word' id='word_1_24' title='bbox 659 823 897 888; x_wconf 86' lang='lat' dir='ltr'>communitate.</span> <span class='ocrx_word' id='word_1_25' title='bbox 916 845 930 878; x_wconf 85' lang='lat'><strong>»</strong></span> 
     </span>
    </p>

    <p class='ocr_par' dir='ltr' id='par_1_3' title="bbox 276 918 1366 1497">
     <span class='ocr_line' id='line_1_5' title="bbox 323 918 1365 1003; baseline -0.003 -18"><span class='ocrx_word' id='word_1_26' title='bbox 323 921 585 986; x_wconf 78' lang='lat' dir='ltr'>Praenominatus</span> <span class='ocrx_word' id='word_1_27' title='bbox 614 921 764 989; x_wconf 87' lang='lat' dir='ltr'>dominus</span> <span class='ocrx_word' id='word_1_28' title='bbox 793 921 968 1003; x_wconf 78' lang='lat' dir='ltr'>Gregorius</span> <span class='ocrx_word' id='word_1_29' title='bbox 996 921 1106 1003; x_wconf 75' lang='lat' dir='ltr'>loyce,</span> <span class='ocrx_word' id='word_1_30' title='bbox 1137 937 1176 986; x_wconf 87' lang='lat' dir='ltr'>ex</span> <span class='ocrx_word' id='word_1_31' title='bbox 1206 918 1305 984; x_wconf 91' lang='lat' dir='ltr'>nobili</span> <span class='ocrx_word' id='word_1_32' title='bbox 1335 927 1365 983; x_wconf 90' lang='lat' dir='ltr'>et</span> 
     </span>
     <span class='ocr_line' id='line_1_6' title="bbox 280 1016 1364 1102; baseline -0.006 -16"><span class='ocrx_word' id='word_1_33' title='bbox 280 1021 467 1102; x_wconf 84' lang='lat' dir='ltr'>perantiqua</span> <span class='ocrx_word' id='word_1_34' title='bbox 492 1019 610 1084; x_wconf 86' lang='lat' dir='ltr'>lamilia</span> <span class='ocrx_word' id='word_1_35' title='bbox 638 1020 808 1086; x_wconf 80' lang='lat' dir='ltr'>Hiberniae</span> <span class='ocrx_word' id='word_1_36' title='bbox 833 1029 936 1094; x_wconf 88' lang='lat' dir='ltr'>crtus,</span> <span class='ocrx_word' id='word_1_37' title='bbox 969 1019 1148 1101; x_wconf 76' lang='lat' dir='ltr'>presbyter,</span> <span class='ocrx_word' id='word_1_38' title='bbox 1177 1025 1245 1084; x_wconf 83' lang='lat' dir='ltr'>erat</span> <span class='ocrx_word' id='word_1_39' title='bbox 1270 1016 1364 1082; x_wconf 89' lang='lat' dir='ltr'>eliam</span> 
     </span>
     <span class='ocr_line' id='line_1_7' title="bbox 278 1116 1364 1194; baseline -0.005 -11"><span class='ocrx_word' id='word_1_40' title='bbox 278 1135 363 1185; x_wconf 88' lang='lat' dir='ltr'>enno</span> <span class='ocrx_word' id='word_1_41' title='bbox 397 1119 473 1182; x_wconf 86' lang='grc'>1639</span> <span class='ocrx_word' id='word_1_42' title='bbox 502 1119 680 1184; x_wconf 90' lang='lat' dir='ltr'>canonicus</span> <span class='ocrx_word' id='word_1_43' title='bbox 712 1119 806 1184; x_wconf 85' lang='lat' dir='ltr'>diaeo</span> <span class='ocrx_word' id='word_1_44' title='bbox 833 1118 978 1184; x_wconf 84' lang='lat' dir='ltr'>Gudulae</span> <span class='ocrx_word' id='word_1_45' title='bbox 1007 1116 1178 1194; x_wconf 76' lang='lat' dir='ltr'>bruxellis,</span> <span class='ocrx_word' id='word_1_46' title='bbox 1210 1133 1270 1182; x_wconf 89' lang='lat' dir='ltr'>neo</span> <span class='ocrx_word' id='word_1_47' title='bbox 1300 1132 1364 1180; x_wconf 92' lang='lat' dir='ltr'>non</span> 
     </span>
     <span class='ocr_line' id='line_1_8' title="bbox 277 1215 1366 1299; baseline -0.005 -16"><span class='ocrx_word' id='word_1_48' title='bbox 277 1219 463 1299; x_wconf 73' lang='lat' dir='ltr'>capellanus</span> <span class='ocrx_word' id='word_1_49' title='bbox 484 1217 682 1284; x_wconf 86' lang='lat' dir='ltr'>domesticus</span> <span class='ocrx_word' id='word_1_50' title='bbox 705 1215 826 1282; x_wconf 90' lang='lat' dir='ltr'>domini</span> <span class='ocrx_word' id='word_1_51' title='bbox 843 1217 996 1284; x_wconf 85' lang='lat' dir='ltr'>Ludcvici</span> <span class='ocrx_word' id='word_1_52' title='bbox 1021 1218 1062 1282; x_wconf 93' lang='lat' dir='ltr'>de</span> <span class='ocrx_word' id='word_1_53' title='bbox 1077 1215 1267 1286; x_wconf 81' lang='lat' dir='ltr'>Benavides,</span> <span class='ocrx_word' id='word_1_54' title='bbox 1285 1230 1366 1280; x_wconf 88' lang='lat' dir='ltr'>mar-</span> 
     </span>
     <span class='ocr_line' id='line_1_9' title="bbox 276 1314 1364 1398; baseline -0.006 -16"><span class='ocrx_word' id='word_1_55' title='bbox 276 1317 403 1382; x_wconf 90' lang='lat' dir='ltr'>cbicnis</span> <span class='ocrx_word' id='word_1_56' title='bbox 426 1318 466 1382; x_wconf 92' lang='lat' dir='ltr'>de</span> <span class='ocrx_word' id='word_1_57' title='bbox 488 1315 660 1392; x_wconf 87' lang='lat' dir='ltr'>Caraceoa,</span> <span class='ocrx_word' id='word_1_58' title='bbox 678 1324 754 1382; x_wconf 89' lang='lat' dir='ltr'>lune</span> <span class='ocrx_word' id='word_1_59' title='bbox 769 1317 869 1398; x_wconf 84' lang='lat' dir='ltr'>llelgii</span> <span class='ocrx_word' id='word_1_60' title='bbox 893 1316 1133 1398; x_wconf 80' lang='lat' dir='ltr'>gubernatoris.</span> <span class='ocrx_word' id='word_1_61' title='bbox 1158 1314 1258 1380; x_wconf 82' lang='lat' dir='ltr'>Natus</span> <span class='ocrx_word' id='word_1_62' title='bbox 1280 1328 1364 1376; x_wconf 88' lang='lat' dir='ltr'>anno</span> 
     </span>
     <span class='ocr_line' id='line_1_10' title="bbox 277 1415 750 1497; baseline 0 -19"><span class='ocrx_word' id='word_1_63' title='bbox 277 1415 369 1489; x_wconf 87' lang='grc'>1611,</span> <span class='ocrx_word' id='word_1_64' title='bbox 386 1416 467 1481; x_wconf 93' lang='lat' dir='ltr'>cbiit</span> <span class='ocrx_word' id='word_1_65' title='bbox 480 1415 501 1478; x_wconf 78' lang='lat' dir='ltr'>l</span> <span class='ocrx_word' id='word_1_66' title='bbox 515 1415 642 1497; x_wconf 88' lang='lat' dir='ltr'>augusti</span> <span class='ocrx_word' id='word_1_67' title='bbox 659 1415 750 1480; x_wconf 89' lang='grc'>1686.</span> 
     </span>
    </p>

    <p class='ocr_par' dir='ltr' id='par_1_4' title="bbox 273 1509 1363 2287">
     <span class='ocr_line' id='line_1_11' title="bbox 319 1509 1363 1594; baseline -0.004 -16"><span class='ocrx_word' id='word_1_68' title='bbox 319 1515 475 1580; x_wconf 86' lang='lat' dir='ltr'>ilenricus</span> <span class='ocrx_word' id='word_1_69' title='bbox 489 1514 597 1594; x_wconf 86' lang='lat' dir='ltr'>loyce,</span> <span class='ocrx_word' id='word_1_70' title='bbox 616 1513 768 1594; x_wconf 75' lang='lat' dir='ltr'>praedicti</span> <span class='ocrx_word' id='word_1_71' title='bbox 785 1514 894 1590; x_wconf 81' lang='lat' dir='ltr'>irater,</span> <span class='ocrx_word' id='word_1_72' title='bbox 908 1513 1087 1594; x_wconf 75' lang='lat' dir='ltr'>presbyter,</span> <span class='ocrx_word' id='word_1_73' title='bbox 1102 1512 1161 1578; x_wconf 87' lang='lat' dir='ltr'>luit</span> <span class='ocrx_word' id='word_1_74' title='bbox 1176 1509 1363 1575; x_wconf 84' lang='lat' dir='ltr'>successive</span> 
     </span>
     <span class='ocr_line' id='line_1_12' title="bbox 275 1609 1359 1692; baseline -0.004 -14"><span class='ocrx_word' id='word_1_75' title='bbox 275 1613 427 1686; x_wconf 80' lang='lat' dir='ltr'>vicarius,</span> <span class='ocrx_word' id='word_1_76' title='bbox 458 1621 567 1692; x_wconf 84' lang='lat' dir='ltr'>pastor</span> <span class='ocrx_word' id='word_1_77' title='bbox 601 1621 633 1678; x_wconf 81' lang='lat' dir='ltr'>ei</span> <span class='ocrx_word' id='word_1_78' title='bbox 665 1613 842 1678; x_wconf 89' lang='lat' dir='ltr'>canonicus</span> <span class='ocrx_word' id='word_1_79' title='bbox 876 1613 979 1678; x_wconf 87' lang='lat' dir='ltr'>sancti</span> <span class='ocrx_word' id='word_1_80' title='bbox 1016 1611 1140 1678; x_wconf 88' lang='lat' dir='ltr'>Nicolai</span> <span class='ocrx_word' id='word_1_81' title='bbox 1168 1609 1359 1682; x_wconf 76' lang='lat' dir='ltr'>Galliensis,</span> 
     </span>
     <span class='ocr_line' id='line_1_13' title="bbox 278 1707 1360 1793; baseline -0.003 -19"><span class='ocrx_word' id='word_1_82' title='bbox 278 1728 337 1776; x_wconf 89' lang='lat' dir='ltr'>neo</span> <span class='ocrx_word' id='word_1_83' title='bbox 353 1728 416 1777; x_wconf 93' lang='lat' dir='ltr'>non</span> <span class='ocrx_word' id='word_1_84' title='bbox 429 1711 569 1776; x_wconf 86' lang='lat' dir='ltr'>vicarius</span> <span class='ocrx_word' id='word_1_85' title='bbox 585 1711 745 1793; x_wconf 84' lang='lat' dir='ltr'>generalis</span> <span class='ocrx_word' id='word_1_86' title='bbox 761 1711 922 1778; x_wconf 85' lang='lat' dir='ltr'>exercilus</span> <span class='ocrx_word' id='word_1_87' title='bbox 938 1711 1043 1777; x_wconf 89' lang='lat' dir='ltr'>Caroli</span> <span class='ocrx_word' id='word_1_88' title='bbox 1059 1711 1100 1786; x_wconf 92' lang='lat' dir='ltr'>il,</span> <span class='ocrx_word' id='word_1_89' title='bbox 1114 1711 1202 1792; x_wconf 87' lang='lat' dir='ltr'>regis</span> <span class='ocrx_word' id='word_1_90' title='bbox 1218 1707 1360 1790; x_wconf 79' lang='lat' dir='ltr'>Angliae.</span> 
     </span>
     <span class='ocr_line' id='line_1_14' title="bbox 276 1808 1362 1891; baseline -0.003 -18"><span class='ocrx_word' id='word_1_91' title='bbox 276 1809 487 1891; x_wconf 80' lang='lat' dir='ltr'>Dignitatibus</span> <span class='ocrx_word' id='word_1_92' title='bbox 520 1810 770 1891; x_wconf 81' lang='lat' dir='ltr'>muneribusque</span> <span class='ocrx_word' id='word_1_93' title='bbox 800 1811 944 1890; x_wconf 85' lang='lat' dir='ltr'>privatus</span> <span class='ocrx_word' id='word_1_94' title='bbox 974 1819 1048 1876; x_wconf 86' lang='lat' dir='ltr'>eta</span> <span class='ocrx_word' id='word_1_95' title='bbox 1083 1811 1182 1890; x_wconf 88' lang='lat' dir='ltr'>patria</span> <span class='ocrx_word' id='word_1_96' title='bbox 1214 1808 1362 1881; x_wconf 76' lang='lat' dir='ltr'>exsule</span> 
     </span>
     <span class='ocr_line' id='line_1_15' title="bbox 277 1903 1363 1990; baseline -0.006 -18"><span class='ocrx_word' id='word_1_97' title='bbox 277 1909 423 1990; x_wconf 85' lang='lat' dir='ltr'>Philippo</span> <span class='ocrx_word' id='word_1_98' title='bbox 438 1908 487 1982; x_wconf 86' lang='lat' dir='ltr'>lv,</span> <span class='ocrx_word' id='word_1_99' title='bbox 506 1907 730 1989; x_wconf 81' lang='lat' dir='ltr'>Hispaniarum</span> <span class='ocrx_word' id='word_1_100' title='bbox 746 1924 834 1990; x_wconf 84' lang='lat' dir='ltr'>rege,</span> <span class='ocrx_word' id='word_1_101' title='bbox 850 1910 902 1974; x_wconf 91' lang='lat' dir='ltr'>oui</span> <span class='ocrx_word' id='word_1_102' title='bbox 918 1908 1030 1983; x_wconf 83' lang='lat' dir='ltr'>intime</span> <span class='ocrx_word' id='word_1_103' title='bbox 1045 1923 1141 1972; x_wconf 87' lang='lat' dir='ltr'>carus</span> <span class='ocrx_word' id='word_1_104' title='bbox 1164 1914 1243 1980; x_wconf 85' lang='lat' dir='ltr'>erat,</span> <span class='ocrx_word' id='word_1_105' title='bbox 1263 1903 1363 1968; x_wconf 90' lang='lat' dir='ltr'>nomi·</span> 
     </span>
     <span class='ocr_line' id='line_1_16' title="bbox 278 2003 1362 2084; baseline -0.006 -12"><span class='ocrx_word' id='word_1_106' title='bbox 278 2018 371 2075; x_wconf 89' lang='lat' dir='ltr'>natus</span> <span class='ocrx_word' id='word_1_107' title='bbox 387 2007 445 2072; x_wconf 89' lang='lat' dir='ltr'>luil</span> <span class='ocrx_word' id='word_1_108' title='bbox 460 2008 601 2072; x_wconf 86' lang='lat' dir='ltr'>decanus</span> <span class='ocrx_word' id='word_1_109' title='bbox 617 2007 719 2072; x_wconf 89' lang='lat' dir='ltr'>sancti</span> <span class='ocrx_word' id='word_1_110' title='bbox 736 2007 879 2072; x_wconf 87' lang='lat' dir='ltr'>llrsmari</span> <span class='ocrx_word' id='word_1_111' title='bbox 901 2007 1118 2073; x_wconf 88' lang='lat' dir='ltr'>Bincbiensis.</span> <span class='ocrx_word' id='word_1_112' title='bbox 1135 2005 1234 2081; x_wconf 86' lang='lat' dir='ltr'>Quam</span> <span class='ocrx_word' id='word_1_113' title='bbox 1258 2003 1362 2084; x_wconf 88' lang='lat' dir='ltr'>digni-</span> 
     </span>
     <span class='ocr_line' id='line_1_17' title="bbox 276 2103 1361 2187; baseline -0.006 -15"><span class='ocrx_word' id='word_1_114' title='bbox 276 2115 372 2172; x_wconf 85' lang='lat' dir='ltr'>talem</span> <span class='ocrx_word' id='word_1_115' title='bbox 395 2106 512 2172; x_wconf 90' lang='lat' dir='ltr'>deinde</span> <span class='ocrx_word' id='word_1_116' title='bbox 534 2106 673 2182; x_wconf 88' lang='lat' dir='ltr'>demisit,</span> <span class='ocrx_word' id='word_1_117' title='bbox 692 2107 900 2187; x_wconf 81' lang='lat' dir='ltr'>capellaniam</span> <span class='ocrx_word' id='word_1_118' title='bbox 922 2107 953 2170; x_wconf 93' lang='lat' dir='ltr'>in</span> <span class='ocrx_word' id='word_1_119' title='bbox 974 2107 1087 2172; x_wconf 88' lang='lat' dir='ltr'>endem</span> <span class='ocrx_word' id='word_1_120' title='bbox 1109 2103 1247 2170; x_wconf 90' lang='lat' dir='ltr'>ecclesia</span> <span class='ocrx_word' id='word_1_121' title='bbox 1270 2119 1361 2184; x_wconf 89' lang='lat' dir='ltr'>prae·</span> 
     </span>
     <span class='ocr_line' id='line_1_18' title="bbox 273 2203 1264 2287; baseline -0.004 -18"><span class='ocrx_word' id='word_1_122' title='bbox 273 2205 391 2272; x_wconf 90' lang='lat' dir='ltr'>lerens.</span> <span class='ocrx_word' id='word_1_123' title='bbox 409 2204 494 2270; x_wconf 84' lang='lat' dir='ltr'>Obiit</span> <span class='ocrx_word' id='word_1_124' title='bbox 511 2205 634 2272; x_wconf 87' lang='lat' dir='ltr'>Bincbii</span> <span class='ocrx_word' id='word_1_125' title='bbox 652 2207 690 2268; x_wconf 91' lang='lat' dir='ltr'>lll</span> <span class='ocrx_word' id='word_1_126' title='bbox 702 2206 784 2287; x_wconf 82' lang='lat' dir='ltr'>junii</span> <span class='ocrx_word' id='word_1_127' title='bbox 801 2207 893 2283; x_wconf 81' lang='grc'>1691,</span> <span class='ocrx_word' id='word_1_128' title='bbox 910 2207 1023 2272; x_wconf 87' lang='lat' dir='ltr'>nelalis</span> <span class='ocrx_word' id='word_1_129' title='bbox 1038 2221 1197 2284; x_wconf 87' lang='lat' dir='ltr'>annorum</span> <span class='ocrx_word' id='word_1_130' title='bbox 1213 2203 1264 2266; x_wconf 87' lang='lat'>80.</span> 
     </span>
    </p>

    <p class='ocr_par' dir='ltr' id='par_1_5' title="bbox 273 2300 1359 2486">
     <span class='ocr_line' id='line_1_19' title="bbox 316 2300 1359 2386; baseline -0.005 -17"><span class='ocrx_word' id='word_1_131' title='bbox 316 2305 504 2370; x_wconf 88' lang='lat' dir='ltr'>Guilielmus</span> <span class='ocrx_word' id='word_1_132' title='bbox 529 2304 638 2386; x_wconf 83' lang='lat' dir='ltr'>chco,</span> <span class='ocrx_word' id='word_1_133' title='bbox 663 2305 808 2386; x_wconf 82' lang='lat' dir='ltr'>Gregorii</span> <span class='ocrx_word' id='word_1_134' title='bbox 831 2314 863 2371; x_wconf 92' lang='lat' dir='ltr'>et</span> <span class='ocrx_word' id='word_1_135' title='bbox 889 2305 1017 2372; x_wconf 87' lang='lat' dir='ltr'>ilenriei</span> <span class='ocrx_word' id='word_1_136' title='bbox 1044 2305 1153 2379; x_wconf 86' lang='lat' dir='ltr'>irater,</span> <span class='ocrx_word' id='word_1_137' title='bbox 1170 2310 1239 2368; x_wconf 90' lang='lat' dir='ltr'>erat</span> <span class='ocrx_word' id='word_1_138' title='bbox 1264 2300 1359 2366; x_wconf 84' lang='lat' dir='ltr'>ctiam</span> 
     </span>
     <span class='ocr_line' id='line_1_20' title="bbox 273 2405 452 2486; baseline 0 -18"><span class='ocrx_word' id='word_1_139' title='bbox 273 2405 452 2486; x_wconf 86' lang='lat' dir='ltr'>presbyter.</span> 
     </span>
    </p>

    <p class='ocr_par' dir='ltr' id='par_1_6' title="bbox 267 2497 1359 3369">
     <span class='ocr_line' id='line_1_21' title="bbox 313 2497 1357 2583; baseline -0.007 -16"><span class='ocrx_word' id='word_1_140' title='bbox 313 2503 442 2567; x_wconf 77' lang='lat' dir='ltr'>Familia</span> <span class='ocrx_word' id='word_1_141' title='bbox 457 2503 735 2568; x_wconf 88' lang='lat' dir='ltr'>[lominicanorum</span> <span class='ocrx_word' id='word_1_142' title='bbox 749 2504 962 2570; x_wconf 89' lang='lat' dir='ltr'>llibernorum</span> <span class='ocrx_word' id='word_1_143' title='bbox 979 2503 1082 2568; x_wconf 87' lang='lat' dir='ltr'>literis</span> <span class='ocrx_word' id='word_1_144' title='bbox 1095 2499 1278 2583; x_wconf 80' lang='lat' dir='ltr'>patentibus</span> <span class='ocrx_word' id='word_1_145' title='bbox 1293 2497 1357 2563; x_wconf 91' lang='lat' dir='ltr'>diei</span> 
     </span>
     <span class='ocr_line' id='line_1_22' title="bbox 273 2597 1359 2675; baseline -0.001 -12"><span class='ocrx_word' id='word_1_146' title='bbox 273 2600 311 2664; x_wconf 87' lang='grc'>18</span> <span class='ocrx_word' id='word_1_147' title='bbox 326 2602 508 2666; x_wconf 88' lang='lat' dir='ltr'>decembris</span> <span class='ocrx_word' id='word_1_148' title='bbox 524 2601 604 2664; x_wconf 77' lang='grc'>1616</span> <span class='ocrx_word' id='word_1_149' title='bbox 627 2603 658 2664; x_wconf 88' lang='grc'>11</span> <span class='ocrx_word' id='word_1_150' title='bbox 674 2603 935 2668; x_wconf 88' lang='lat' dir='ltr'>eommunilalem</span> <span class='ocrx_word' id='word_1_151' title='bbox 958 2610 1065 2667; x_wconf 87' lang='lat' dir='ltr'>creola</span> <span class='ocrx_word' id='word_1_152' title='bbox 1086 2601 1154 2675; x_wconf 88' lang='lat' dir='ltr'>luit,</span> <span class='ocrx_word' id='word_1_153' title='bbox 1172 2597 1359 2664; x_wconf 81' lang='grc'>111111111-</span> 
     </span>
     <span class='ocr_line' id='line_1_23' title="bbox 270 2699 1357 2783; baseline -0.004 -19"><span class='ocrx_word' id='word_1_154' title='bbox 270 2700 355 2764; x_wconf 86' lang='lat' dir='ltr'>silali</span> <span class='ocrx_word' id='word_1_155' title='bbox 372 2701 466 2780; x_wconf 87' lang='lat' dir='ltr'>paulo</span> <span class='ocrx_word' id='word_1_156' title='bbox 490 2710 561 2780; x_wconf 88' lang='lat' dir='ltr'>post</span> <span class='ocrx_word' id='word_1_157' title='bbox 580 2701 803 2782; x_wconf 86' lang='lat' dir='ltr'>incorporatu;</span> <span class='ocrx_word' id='word_1_158' title='bbox 827 2702 1163 2783; x_wconf 84' lang='lat' dir='ltr'>transmigraruntoue</span> <span class='ocrx_word' id='word_1_159' title='bbox 1186 2699 1226 2762; x_wconf 89' lang='lat' dir='ltr'>ad</span> <span class='ocrx_word' id='word_1_160' title='bbox 1242 2712 1357 2762; x_wconf 89' lang='lat' dir='ltr'>novam</span> 
     </span>
     <span class='ocr_line' id='line_1_24' title="bbox 269 2798 1357 2880; baseline -0.002 -18"><span class='ocrx_word' id='word_1_161' title='bbox 269 2799 399 2862; x_wconf 90' lang='lat' dir='ltr'>domum</span> <span class='ocrx_word' id='word_1_162' title='bbox 425 2799 681 2875; x_wconf 87' lang='lat' dir='ltr'>conventualem,</span> <span class='ocrx_word' id='word_1_163' title='bbox 704 2801 797 2864; x_wconf 89' lang='lat' dir='ltr'>sitam</span> <span class='ocrx_word' id='word_1_164' title='bbox 820 2801 852 2863; x_wconf 92' lang='lat' dir='ltr'>in</span> <span class='ocrx_word' id='word_1_165' title='bbox 877 2801 980 2880; x_wconf 89' lang='lat' dir='ltr'>platea</span> <span class='ocrx_word' id='word_1_166' title='bbox 1004 2799 1107 2868; x_wconf 86' lang='lat' dir='ltr'>suncti</span> <span class='ocrx_word' id='word_1_167' title='bbox 1127 2798 1250 2872; x_wconf 86' lang='lat' dir='ltr'>iacobi,</span> <span class='ocrx_word' id='word_1_168' title='bbox 1274 2812 1357 2878; x_wconf 84' lang='lat' dir='ltr'>quae</span> 
     </span>
     <span class='ocr_line' id='line_1_25' title="bbox 270 2896 1356 2980; baseline -0.003 -20"><span class='ocrx_word' id='word_1_169' title='bbox 270 2896 360 2960; x_wconf 84' lang='grc'>11111</span> <span class='ocrx_word' id='word_1_170' title='bbox 381 2897 418 2960; x_wconf 89' lang='lat' dir='ltr'>ad</span> <span class='ocrx_word' id='word_1_171' title='bbox 442 2904 567 2977; x_wconf 87' lang='lat' dir='ltr'>portam</span> <span class='ocrx_word' id='word_1_172' title='bbox 590 2897 755 2962; x_wconf 86' lang='lat' dir='ltr'>uinearum</span> <span class='ocrx_word' id='word_1_173' title='bbox 778 2907 854 2964; x_wconf 89' lang='lat' dir='ltr'>tunc</span> <span class='ocrx_word' id='word_1_174' title='bbox 868 2900 997 2975; x_wconf 85' lang='lat' dir='ltr'>dictam,</span> <span class='ocrx_word' id='word_1_175' title='bbox 1014 2906 1125 2980; x_wconf 89' lang='lat' dir='ltr'>postea</span> <span class='ocrx_word' id='word_1_176' title='bbox 1149 2912 1225 2962; x_wconf 86' lang='lat' dir='ltr'>uero</span> <span class='ocrx_word' id='word_1_177' title='bbox 1242 2911 1356 2959; x_wconf 87' lang='lat' dir='ltr'>novam</span> 
     </span>
     <span class='ocr_line' id='line_1_26' title="bbox 273 2993 1353 3072; baseline 0.001 -15"><span class='ocrx_word' id='word_1_178' title='bbox 273 2993 523 3072; x_wconf 82' lang='lat' dir='ltr'>Bruxellensem,</span> <span class='ocrx_word' id='word_1_179' title='bbox 542 2997 573 3060; x_wconf 94' lang='lat' dir='ltr'>in</span> <span class='ocrx_word' id='word_1_180' title='bbox 589 2997 662 3062; x_wconf 87' lang='lat' dir='ltr'>loco</span> <span class='ocrx_word' id='word_1_181' title='bbox 677 2998 917 3072; x_wconf 88' lang='lat' dir='ltr'>amoenissimo,</span> <span class='ocrx_word' id='word_1_182' title='bbox 935 2998 1034 3064; x_wconf 90' lang='lat' dir='ltr'>londo</span> <span class='ocrx_word' id='word_1_183' title='bbox 1055 2995 1200 3061; x_wconf 90' lang='lat' dir='ltr'>nonnibil</span> <span class='ocrx_word' id='word_1_184' title='bbox 1216 2995 1353 3068; x_wconf 85' lang='lat' dir='ltr'>elevato,</span> 
     </span>
     <span class='ocr_line' id='line_1_27' title="bbox 269 3093 1354 3177; baseline 0 -21"><span class='ocrx_word' id='word_1_185' title='bbox 269 3093 302 3157; x_wconf 93' lang='lat' dir='ltr'>in</span> <span class='ocrx_word' id='word_1_186' title='bbox 328 3111 405 3175; x_wconf 81' lang='lat' dir='ltr'>ouo,</span> <span class='ocrx_word' id='word_1_187' title='bbox 437 3103 471 3159; x_wconf 92' lang='lat' dir='ltr'>ut</span> <span class='ocrx_word' id='word_1_188' title='bbox 499 3104 592 3160; x_wconf 85' lang='lat' dir='ltr'>antea</span> <span class='ocrx_word' id='word_1_189' title='bbox 625 3095 690 3177; x_wconf 83' lang='lat' dir='ltr'>jam</span> <span class='ocrx_word' id='word_1_190' title='bbox 716 3096 848 3170; x_wconf 87' lang='lat' dir='ltr'>dicium,</span> <span class='ocrx_word' id='word_1_191' title='bbox 880 3113 963 3162; x_wconf 88' lang='lat' dir='ltr'>nova</span> <span class='ocrx_word' id='word_1_192' title='bbox 996 3105 1175 3162; x_wconf 85' lang='lat' dir='ltr'>conventus</span> <span class='ocrx_word' id='word_1_193' title='bbox 1207 3093 1354 3158; x_wconf 82' lang='lat' dir='ltr'>aedilicia</span> 
     </span>
     <span class='ocr_line' id='line_1_28' title="bbox 267 3194 1353 3267; baseline -0.004 -9"><span class='ocrx_word' id='word_1_194' title='bbox 267 3202 411 3258; x_wconf 83' lang='lat' dir='ltr'>extructa</span> <span class='ocrx_word' id='word_1_195' title='bbox 436 3194 571 3267; x_wconf 87' lang='lat' dir='ltr'>lueranl,</span> <span class='ocrx_word' id='word_1_196' title='bbox 588 3202 620 3259; x_wconf 90' lang='lat' dir='ltr'>el</span> <span class='ocrx_word' id='word_1_197' title='bbox 646 3209 731 3260; x_wconf 88' lang='lat' dir='ltr'>anno</span> <span class='ocrx_word' id='word_1_198' title='bbox 747 3196 827 3259; x_wconf 84' lang='grc'>16119</span> <span class='ocrx_word' id='word_1_199' title='bbox 842 3195 979 3262; x_wconf 88' lang='lat' dir='ltr'>ecclesia</span> <span class='ocrx_word' id='word_1_200' title='bbox 1002 3195 1206 3259; x_wconf 89' lang='lat' dir='ltr'>inhonorem</span> <span class='ocrx_word' id='word_1_201' title='bbox 1223 3199 1353 3256; x_wconf 85' lang='lat' dir='ltr'>sanctae</span> 
     </span>
     <span class='ocr_line' id='line_1_29' title="bbox 269 3291 555 3369; baseline 0 -13"><span class='ocrx_word' id='word_1_202' title='bbox 269 3291 382 3357; x_wconf 83' lang='lat' dir='ltr'>Crucis</span> <span class='ocrx_word' id='word_1_203' title='bbox 398 3293 555 3369; x_wconf 87' lang='lat' dir='ltr'>dedicata,</span> 
     </span>
    </p>

    <p class='ocr_par' dir='ltr' id='par_1_7' title="bbox 264 3389 1353 4069">
     <span class='ocr_line' id='line_1_30' title="bbox 309 3389 1353 3477; baseline -0.001 -22"><span class='ocrx_word' id='word_1_204' title='bbox 309 3395 342 3455; x_wconf 94' lang='lat' dir='ltr'>ln</span> <span class='ocrx_word' id='word_1_205' title='bbox 359 3393 422 3457; x_wconf 89' lang='lat' dir='ltr'>boo</span> <span class='ocrx_word' id='word_1_206' title='bbox 437 3393 574 3474; x_wconf 83' lang='lat' dir='ltr'>collegio</span> <span class='ocrx_word' id='word_1_207' title='bbox 596 3393 739 3458; x_wconf 90' lang='lat' dir='ltr'>sludium</span> <span class='ocrx_word' id='word_1_208' title='bbox 765 3407 831 3459; x_wconf 88' lang='lat' dir='ltr'>tum</span> <span class='ocrx_word' id='word_1_209' title='bbox 855 3395 1112 3477; x_wconf 87' lang='lat' dir='ltr'>pbilcsupbicum</span> <span class='ocrx_word' id='word_1_210' title='bbox 1137 3403 1202 3457; x_wconf 87' lang='lat' dir='ltr'>lum</span> <span class='ocrx_word' id='word_1_211' title='bbox 1227 3389 1353 3456; x_wconf 88' lang='lat' dir='ltr'>tbeclo·</span> 
     </span>
     <span class='ocr_line' id='line_1_31' title="bbox 264 3491 1352 3577; baseline 0 -23"><span class='ocrx_word' id='word_1_212' title='bbox 264 3491 370 3574; x_wconf 85' lang='lat' dir='ltr'>gicum</span> <span class='ocrx_word' id='word_1_213' title='bbox 399 3492 536 3572; x_wconf 87' lang='lat' dir='ltr'>vigebat.</span> <span class='ocrx_word' id='word_1_214' title='bbox 566 3491 739 3559; x_wconf 75' lang='lat' dir='ltr'>Auditores</span> <span class='ocrx_word' id='word_1_215' title='bbox 769 3504 861 3560; x_wconf 89' lang='lat' dir='ltr'>erant</span> <span class='ocrx_word' id='word_1_216' title='bbox 886 3496 1030 3577; x_wconf 81' lang='lat' dir='ltr'>eiusdem</span> <span class='ocrx_word' id='word_1_217' title='bbox 1060 3493 1210 3569; x_wconf 88' lang='lat' dir='ltr'>instituti,</span> <span class='ocrx_word' id='word_1_218' title='bbox 1238 3507 1352 3570; x_wconf 91' lang='lat' dir='ltr'>nempe</span> 
     </span>
     <span class='ocr_line' id='line_1_32' title="bbox 267 3588 1348 3674; baseline -0.001 -22"><span class='ocrx_word' id='word_1_219' title='bbox 267 3591 560 3665; x_wconf 79' lang='lat' dir='ltr'>bominicanorum</span> <span class='ocrx_word' id='word_1_220' title='bbox 584 3599 616 3657; x_wconf 91' lang='lat' dir='ltr'>el</span> <span class='ocrx_word' id='word_1_221' title='bbox 642 3593 826 3674; x_wconf 84' lang='lat' dir='ltr'>provinciae</span> <span class='ocrx_word' id='word_1_222' title='bbox 852 3593 1065 3660; x_wconf 90' lang='lat' dir='ltr'>llibernorum</span> <span class='ocrx_word' id='word_1_223' title='bbox 1094 3591 1257 3673; x_wconf 90' lang='lat' dir='ltr'>religiosi;</span> <span class='ocrx_word' id='word_1_224' title='bbox 1281 3588 1348 3670; x_wconf 84' lang='lat' dir='ltr'>qui,</span> 
     </span>
     <span class='ocr_line' id='line_1_33' title="bbox 266 3691 1348 3774; baseline -0.002 -20"><span class='ocrx_word' id='word_1_225' title='bbox 266 3691 595 3772; x_wconf 82' lang='lat' dir='ltr'>praeterquamquod</span> <span class='ocrx_word' id='word_1_226' title='bbox 611 3692 809 3758; x_wconf 75' lang='lat' dir='ltr'>adseverem</span> <span class='ocrx_word' id='word_1_227' title='bbox 823 3695 1050 3759; x_wconf 87' lang='lat' dir='ltr'>bominicanae</span> <span class='ocrx_word' id='word_1_228' title='bbox 1063 3693 1191 3774; x_wconf 84' lang='lat' dir='ltr'>regulae</span> <span class='ocrx_word' id='word_1_229' title='bbox 1205 3705 1348 3754; x_wconf 87' lang='lat' dir='ltr'>normam</span> 
     </span>
     <span class='ocr_line' id='line_1_34' title="bbox 264 3787 1348 3872; baseline -0.002 -20"><span class='ocrx_word' id='word_1_230' title='bbox 264 3789 347 3852; x_wconf 85' lang='lat' dir='ltr'>vitae</span> <span class='ocrx_word' id='word_1_231' title='bbox 372 3805 450 3854; x_wconf 86' lang='lat' dir='ltr'>suae</span> <span class='ocrx_word' id='word_1_232' title='bbox 476 3789 631 3855; x_wconf 83' lang='lat' dir='ltr'>rationem</span> <span class='ocrx_word' id='word_1_233' title='bbox 657 3800 806 3858; x_wconf 89' lang='lat' dir='ltr'>accurate</span> <span class='ocrx_word' id='word_1_234' title='bbox 834 3803 1040 3872; x_wconf 87' lang='lat' dir='ltr'>componant,</span> <span class='ocrx_word' id='word_1_235' title='bbox 1074 3791 1106 3854; x_wconf 94' lang='grc'>11</span> <span class='ocrx_word' id='word_1_236' title='bbox 1136 3789 1279 3854; x_wconf 89' lang='lat' dir='ltr'>studium</span> <span class='ocrx_word' id='word_1_237' title='bbox 1305 3787 1348 3850; x_wconf 89' lang='lat' dir='ltr'>ita</span> 
     </span>
     <span class='ocr_line' id='line_1_35' title="bbox 264 3887 1345 3964; baseline -0.001 -13"><span class='ocrx_word' id='word_1_238' title='bbox 264 3897 397 3952; x_wconf 89' lang='lat' dir='ltr'>strenue</span> <span class='ocrx_word' id='word_1_239' title='bbox 420 3887 618 3964; x_wconf 85' lang='lat' dir='ltr'>incumbunt,</span> <span class='ocrx_word' id='word_1_240' title='bbox 637 3899 671 3955; x_wconf 91' lang='lat' dir='ltr'>ut</span> <span class='ocrx_word' id='word_1_241' title='bbox 693 3905 805 3956; x_wconf 90' lang='lat' dir='ltr'>eorum</span> <span class='ocrx_word' id='word_1_242' title='bbox 828 3891 890 3958; x_wconf 89' lang='lat' dir='ltr'>vita</span> <span class='ocrx_word' id='word_1_243' title='bbox 913 3893 956 3958; x_wconf 92' lang='lat' dir='ltr'>sit</span> <span class='ocrx_word' id='word_1_244' title='bbox 978 3891 1131 3956; x_wconf 86' lang='lat' dir='ltr'>continua</span> <span class='ocrx_word' id='word_1_245' title='bbox 1153 3888 1345 3960; x_wconf 87' lang='lat' dir='ltr'>stud-iorum,</span> 
     </span>
     <span class='ocr_line' id='line_1_36' title="bbox 264 3985 1348 4069; baseline 0.001 -22"><span class='ocrx_word' id='word_1_246' title='bbox 264 4001 395 4066; x_wconf 90' lang='lat' dir='ltr'>precum</span> <span class='ocrx_word' id='word_1_247' title='bbox 426 3995 457 4050; x_wconf 91' lang='lat' dir='ltr'>et</span> <span class='ocrx_word' id='word_1_248' title='bbox 490 3988 797 4069; x_wconf 82' lang='lat' dir='ltr'>contemplationum</span> <span class='ocrx_word' id='word_1_249' title='bbox 825 3990 1029 4056; x_wconf 82' lang='lat' dir='ltr'>exercitatio.</span> <span class='ocrx_word' id='word_1_250' title='bbox 1061 3988 1192 4054; x_wconf 90' lang='lat' dir='ltr'>lnterim</span> <span class='ocrx_word' id='word_1_251' title='bbox 1222 3985 1348 4067; x_wconf 89' lang='lat' dir='ltr'>publice</span> 
     </span>
    </p>
   </div>
   <div class='ocr_carea' id='block_1_3' title="bbox 263 4084 1348 4251">
    <p class='ocr_par' dir='ltr' id='par_1_8' title="bbox 263 4084 1348 4251">
     <span class='ocr_line' id='line_1_37' title="bbox 263 4084 1348 4172; baseline 0 -22"><span class='ocrx_word' id='word_1_252' title='bbox 263 4085 358 4150; x_wconf 89' lang='lat' dir='ltr'>eliam</span> <span class='ocrx_word' id='word_1_253' title='bbox 374 4084 565 4152; x_wconf 75' lang='lat' dir='ltr'>Academiae</span> <span class='ocrx_word' id='word_1_254' title='bbox 581 4089 729 4154; x_wconf 85' lang='lat' dir='ltr'>exercitia</span> <span class='ocrx_word' id='word_1_255' title='bbox 747 4097 832 4155; x_wconf 85' lang='lat' dir='ltr'>tanta</span> <span class='ocrx_word' id='word_1_256' title='bbox 848 4091 1010 4172; x_wconf 86' lang='lat' dir='ltr'>diligentia</span> <span class='ocrx_word' id='word_1_257' title='bbox 1027 4091 1241 4170; x_wconf 77' lang='lat' dir='ltr'>frequentant,</span> <span class='ocrx_word' id='word_1_258' title='bbox 1259 4095 1293 4151; x_wconf 89' lang='lat' dir='ltr'>ul</span> <span class='ocrx_word' id='word_1_259' title='bbox 1308 4085 1348 4150; x_wconf 91' lang='lat' dir='ltr'>iis</span> 
     </span>
     <span class='ocr_line' id='line_1_38' title="bbox 264 4183 667 4251; baseline 0.007 -3"><span class='ocrx_word' id='word_1_260' title='bbox 264 4183 344 4248; x_wconf 88' lang='lat' dir='ltr'>solis</span> <span class='ocrx_word' id='word_1_261' title='bbox 360 4200 474 4250; x_wconf 84' lang='lat' dir='ltr'>vacam</span> <span class='ocrx_word' id='word_1_262' title='bbox 489 4185 667 4251; x_wconf 88' lang='lat' dir='ltr'>videantur.</span> 
     </span>
    </p>
   </div>
   <div class='ocr_carea' id='block_1_4' title="bbox 0 0 1620 4942">
    <p class='ocr_par' dir='ltr' id='par_1_9' title="bbox 0 0 1620 4942">
     <span class='ocr_line' id='line_1_39' title="bbox 0 0 1620 4942; baseline 0 8"><span class='ocrx_word' id='word_1_263' title='bbox 0 0 1620 4942; x_wconf 95' lang='lat' dir='ltr'> </span> 
     </span>
    </p>
   </div>
  </div>
 </body>
</html>
