3252 4954
726 429 911 494 -bib-

314 611 343 674 b.
367 612 578 676 institutiones
592 613 799 691 proramotice
814 611 950 676 ltebruu.

315 731 340 772 c.
370 711 412 772 lie
426 710 568 772 laudibus
584 711 735 774 bebroicua
751 711 875 791 traque.

314 810 345 872 d.
368 808 535 890 Spinopara
556 810 594 872 de
612 811 747 874 codicum
764 810 950 874 bebroeoram
967 811 1204 890 irruorraptioac.
1227 809 1363 874 londini

271 913 304 972 et
330 905 456 984 Oxouii,
485 908 580 982 isba
610 911 672 972 vol.
701 910 792 972 iri-4⁰.
824 909 999 972 rreemtnir
1025 909 1254 988 praefationem
1282 909 1362 972 setis

272 1006 400 1085 longam
423 1007 460 1068 ad
477 1005 632 1070 loannem
650 1007 828 1076 Fisbcrum.
847 1008 1035 1088 episcopum
1060 1006 1259 1081 Rollcnsem,
1279 1008 1361 1070 iudi-

272 1121 333 1185 gua
357 1105 475 1169 deinde
497 1105 595 1170 caede
618 1107 704 1188 regis
722 1106 818 1186 jussu
839 1107 1056 1179 interiectum,
1073 1107 1111 1170 dc
1136 1125 1198 1170 riori
1224 1107 1365 1170 duceudu

270 1206 395 1286 fratria,
420 1221 502 1285 quae
525 1205 661 1286 incipit:
688 1207 877 1280 «Quoniam
905 1206 1010 1286 ipsum
1041 1215 1140 1269 totum
1168 1222 1205 1269 ao
1232 1207 1362 1288 reginae

274 1306 437 1384 negotium
457 1327 483 1366 a.
501 1303 616 1384 Operis
633 1323 709 1370 vero
726 1306 840 1386 pagina
856 1307 920 1379 60²,
939 1306 1082 1368 meminit
1103 1305 1274 1385 compositi
1291 1321 1308 1367 a
1326 1321 1363 1368 sc

271 1417 387 1482 magno
411 1404 520 1468 laboro
543 1403 634 1469 lexici
652 1405 821 1482 chaldaici,
839 1405 923 1486 quod
948 1405 1008 1468 sibi
1027 1405 1058 1466 in
1074 1404 1172 1468 domo
1195 1421 1254 1468 sua
1270 1405 1354 1482 apud

274 1503 414 1582 blorgatc
430 1514 615 1584 surreptum
638 1505 738 1569 luisse
754 1505 964 1585 conqueritur
989 1521 1061 1566 cnm
1080 1520 1142 1568 nou
1161 1503 1272 1584 paucis
1288 1503 1361 1569 aliis

272 1600 489 1665 voluminibus
513 1602 632 1680 latinis,
654 1603 780 1682 graecis
803 1613 834 1666 ct
856 1603 1007 1666 arabicis.
1026 1601 1168 1666 Meminit
1192 1602 1223 1664 iu
1246 1604 1361 1668 eodem

271 1715 370 1779 opere
392 1717 506 1764 versae
522 1719 539 1764 u
555 1701 661 1781 lingua
679 1701 827 1766 liebraica
851 1701 881 1764 in
899 1701 1027 1764 latinam
1044 1701 1228 1781 Scripturas
1250 1717 1362 1766 sacrae

271 1798 310 1861 ab
323 1799 444 1861 adamo
457 1798 817 1882 Estoir,rtrrglc.sacrac
830 1801 992 1864 Romanae
1003 1799 1166 1864 Ecclesiae
1178 1799 1359 1872 cardiunlc;

272 1913 366 1978 quem
384 1897 498 1960 librum
516 1899 577 1961 sibi
594 1915 721 1979 quoquc
737 1908 918 1977 surreptum
937 1899 1064 1962 asserit.

313 2015 340 2059 e.
356 1995 457 2060 Cotaer
474 1998 605 2070 Codicis,
622 2015 680 2080 quo
691 2004 803 2078 preter
818 1997 961 2061 licclisiu
984 2003 1184 2060 socrosancta
1210 1998 1360 2060 decretum

269 2095 415 2176 probatur
426 2096 601 2177 coujnpiam
614 2115 682 2158 cnm
694 2097 803 2175 botrio
814 2096 981 2158 curauliler
991 2081 1110 2174 capuita
1125 2095 1264 2157 illicitam
1280 2113 1356 2169 esse,

271 2197 393 2258 omrrinu
416 2196 578 2258 inhibitum
605 2197 855 2276 interdictumque
877 2211 942 2256 asso
967 2201 1031 2256 tam
1054 2199 1171 2256 auturoe
1184 2196 1269 2274 jare,
1294 2202 1359 2258 tum

264 2295 335 2375 jure
360 2295 474 2366 diuino,
499 2295 624 2374 lepeque
649 2295 822 2374 eucarpellcn
846 2303 937 2374 utque
961 2294 1182 2356 corrsnctudine
1208 2292 1359 2356 catholico

272 2392 414 2456 Ecclesrre
435 2393 620 2456 ortlioduaoe.
647 2394 784 2472 incipit:
809 2415 826 2450 n
847 2393 890 2455 lte
907 2392 1146 2455 Deuteronomii
1172 2391 1252 2471 lege,
1271 2393 1357 2472 quod

272 2491 378 2555 iratris
398 2513 424 2554 a,
447 2491 594 2566 borrdini,
612 2493 695 2573 typis
721 2492 861 2554 Bartlrlet
883 2490 981 2561 teas:
1000 2491 1064 2554 vol.
1082 2491 1178 2554 iri-4⁰.
1196 2490 1355 2562 Quorsum

269 2592 347 2654 baec
363 2592 542 2664 tenderent,
561 2609 622 2654 riou
639 2590 769 2654 difficile
791 2598 840 2654 est
856 2591 997 2670 assequi.
1017 2591 1049 2652 ln
1072 2590 1208 2668 epistola
1227 2589 1266 2652 ad
1284 2589 1353 2653 Fis-

268 2690 378 2753 berum
396 2689 469 2752 baic
485 2690 573 2769 operi
593 2690 735 2754 subnexa
755 2689 798 2752 ait
814 2707 851 2764 se
866 2689 950 2753 circa
973 2705 1091 2751 annum
1109 2688 1200 2763 teat),
1219 2697 1352 2767 rogante

270 2789 354 2869 regis
377 2789 505 2852 nomine
531 2788 565 2850 b.
590 2788 792 2863 bonoillius
815 2787 1083 2867 elccrnosyuario,
1101 2787 1259 2850 stabilitas
1280 2803 1296 2848 a
1320 2803 1357 2850 se

269 2886 367 2950 luisse
384 2887 440 2948 bas
458 2896 523 2951 tres
546 2887 772 2950 conclusiones
796 2909 802 2949 :
831 2907 844 2944 u
866 2886 969 2948 Prima
993 2893 1073 2958 crat,
1100 2885 1184 2964 quod
1210 2884 1356 2974 leviticae

271 3005 284 3043 i
304 2985 537 3064 prohibitiones
555 3001 618 3049 non
636 2996 698 3048 tam
715 2986 756 3048 dc
771 2985 857 3049 coitu
875 2985 1060 3048 incestuoso
1079 2984 1230 3064 quamde
1247 2984 1357 3048 matri-

272 3106 286 3144 i
302 3085 410 3148 monio
426 3084 538 3148 illicito
554 3085 781 3165 intelligendae
797 3093 916 3149 essent.
935 3083 1094 3158 Secunda,
1112 3083 1196 3164 qood
1216 3084 1356 3149 morales

267 3203 280 3242 i
298 3184 530 3264 probaremeas
543 3184 657 3257 lore,et
671 3186 756 3265 qood
766 3183 797 3246 iu
811 3183 959 3246 hebraica
969 3182 1102 3246 veritate
1114 3182 1348 3262 reciperentur,

267 3304 280 3340 i
298 3289 393 3362 atquc
408 3282 440 3345 iu
459 3282 540 3346 txx
556 3281 787 3362 interpretibus
803 3297 929 3363 graece.
947 3292 978 3346 et
994 3281 1026 3344 in
1049 3281 1216 3346 chaldaeo.
1234 3281 1351 3356 Tertia,

268 3381 381 3462 iquod
400 3389 463 3444 tam
490 3397 548 3460 pro
564 3382 644 3445 viris
659 3397 756 3462 quam
781 3397 838 3460 pro
854 3379 1015 3444 deluuctis
1042 3379 1189 3460 cognatis
1212 3379 1356 3460 scriptae

268 3480 455 3562 »dataeque
479 3490 581 3544 erant.
599 3481 662 3544 Sed
688 3479 774 3545 bunc
797 3480 911 3544 librum
932 3503 945 3540 a
964 3480 1077 3561 pergit,
1096 3501 1114 3538 a
1131 3479 1192 3544 sibi
1219 3477 1357 3543 assumit

269 3601 281 3638 s
298 3578 438 3644 ioannes
450 3577 662 3652 stultssimus,
678 3579 851 3660 episcopos
866 3577 1091 3652 londinensis,
1107 3577 1138 3640 in
1151 3577 1244 3657 cujus
1256 3578 1355 3640 dumo

269 3701 284 3739 a
299 3678 437 3759 vigilias,
457 3695 515 3759 pro
529 3679 634 3742 tribus
649 3677 916 3743 conclusionibus
931 3677 1004 3742 istis
1020 3685 1052 3742 et
1067 3677 1256 3757 quaestione
1272 3675 1357 3740 inter

269 3795 361 3841 »nos
394 3779 511 3858 agitata
546 3777 762 3852 discutienda,
794 3793 856 3842 non
886 3791 1013 3857 parvas,
1043 3776 1139 3840 crede
1166 3774 1255 3848 mibi,
1284 3787 1357 3854 pas·

268 3897 282 3935 i
298 3891 356 3940 sus
372 3893 444 3940 sarn
464 3898 491 3941 a.
511 3876 653 3951 Poterat,
671 3876 759 3938 addit
778 3876 911 3957 Paquot,
929 3875 1004 3938 nuic
1020 3873 1121 3938 labori
1138 3889 1283 3954 parcere.

304 3979 328 4056 s.
352 3976 560 4059 Purupbrust's
573 3977 607 4038 in
625 3976 840 4040 ecclesiasten.
860 3975 927 4038 Vol.
948 3973 1041 4036 in·i⁰.

305 4093 337 4156 q.
357 4077 400 4138 lic
415 4093 477 4139 raon
492 4076 633 4140 ducendo
646 4077 758 4154 fratria
769 4075 855 4140 liber.
866 4072 982 4155 Incipit
1000 4093 1007 4135 :
1027 4075 1068 4137 lic
1087 4069 1353 4138 Deuteronomicu

266 4173 338 4256 lege
352 4175 439 4255 qnod
455 4183 518 4240 etc.
537 4197 551 4233 ιι
