3032 4952
561 434 725 498 ...63-

116 629 316 700 postanuum‚
332 615 447 680 eodem
463 630 585 686 mense,
602 627 676 678 raro
688 623 747 679 aut
761 613 849 680 nullo
865 616 1012 697 exemplo
1028 616 1182 698 recipitur
1213 665 1215 670 -

115 718 216 782 iterum
240 715 426 798 professor,
452 721 485 779 et
513 711 641 794 quidem
668 711 839 794 primarius
867 713 940 779 loco
969 713 1089 780 domini
1114 717 1180 782 Van

116 816 221 890 dastel,
248 813 287 878 ad
317 812 493 895 regentiam
523 811 672 892 promoti.
704 812 841 892 Tempus
869 811 943 878 dein
971 829 1079 889 omne,
1095 815 1181 896 quod

117 923 227 996 praeter
249 913 347 978 boras
373 911 554 976 devotionis
580 926 618 974 ae
643 909 741 976 studii
763 909 976 992 philosophici
1001 925 1178 992 supererat.

116 1011 281 1093 theologico
293 1010 460 1093 impendit,
471 1019 502 1074 et
513 1010 555 1074 ita
569 1009 727 1091 protende
739 1008 867 1090 nunidem
883 1009 997 1076 doctus
1012 1010 1182 1094 theologus

116 1128 204 1192 aeque
216 1125 252 1176 ac
271 1110 486 1192 philosophus
507 1109 622 1175 erasit.
642 1111 749 1174 llense
765 1107 929 1172 novembri
946 1109 1021 1172 litt
1041 1111 1182 1177 nomina·

116 1210 192 1276 tione
204 1210 383 1274 academica
399 1209 435 1272 lit
452 1208 560 1276 tendit
574 1209 615 1272 ad
631 1217 776 1272 sanetum
798 1205 965 1272 llartirmm
988 1208 1180 1286 senoniense

117 1324 199 1388 equa
213 1308 393 1389 praebenda
416 1309 536 1372 Romae
558 1307 681 1372 erictus
703 1306 761 1370 luit
775 1321 860 1370 anno
876 1305 966 1370 llll.
984 1305 1100 1373 Factus
1114 1319 1184 1376 erat

117 1417 144 1472 et
153 1407 408 1488 Sylraeducensis
420 1406 579 1472 dioecesis
591 1406 789 1471 examinator
803 1405 966 1486 synodalis
979 1406 994 1468 l
1005 1405 1076 1486 julii
1089 1408 1180 1472 illd.

152 1505 234 1569 hnoo
248 1505 377 1570 circiter
389 1505 465 1569 ltttl
481 1504 704 1570 canonicatum
717 1504 748 1567 in
761 1504 879 1584 insigni
892 1513 924 1569 et
937 1504 1183 1572 archidiaconali

120 1603 239 1670 ecclesia
253 1607 366 1669 beatae
389 1603 506 1668 Mariae
527 1603 667 1684 Virginis
693 1602 801 1684 oppidi
824 1601 1022 1685 'tungrensis
1048 1603 1185 1672 obtinuit

121 1703 347 1780 permutationis
362 1703 425 1779 ria,
443 1711 474 1767 et
488 1702 605 1768 ibidem
622 1699 851 1782 septemdecim
868 1701 996 1766 circiter
1010 1703 1103 1770 annis
1119 1721 1184 1770 non

122 1801 201 1864 modo
215 1800 430 1866 confratribus
445 1800 525 1876 suis,
544 1799 600 1864 sed
616 1808 648 1864 et
663 1799 721 1864 toti
736 1799 935 1880 Tungrorum
952 1799 1082 1877 ciuitati,
1098 1803 1186 1868 velut

121 1897 232 1963 lucerna
257 1899 388 1974 ardeus,
416 1899 525 1964 innato
548 1897 608 1964 sibi
632 1897 759 1978 pietatis
779 1898 895 1963 ardore
915 1897 1081 1978 praeluxit.
1103 1901 1185 1967 dona

121 1997 240 2063 versatio
255 1997 327 2080 eius
342 1998 409 2063 lere
425 1995 529 2062 solum
545 2014 619 2062 cum
634 1996 713 2060 uiris
729 1996 975 2072 ecclesiastice
990 1997 1185 2080 hospitalita-

122 2103 172 2158 tem
197 2095 370 2160 aoimarum
400 2093 621 2168 curatoribus,
649 2111 732 2176 nuos
769 2111 894 2160 summo
932 2097 1186 2177 prosequebatur

122 2193 235 2270 honore,
253 2195 390 2277 aliisque
405 2195 535 2262 clericis
550 2194 686 2259 habebat
703 2193 866 2268 usitatam;
886 2195 1037 2276 proluens
1053 2195 1185 2280 insuper

121 2291 145 2353 in
162 2309 321 2374 pauperes,
345 2295 422 2375 quio
445 2304 476 2359 et
502 2294 607 2358 lavore
631 2293 746 2358 horum
770 2292 968 2357 difficillimis
983 2294 1183 2375 antiquarum

122 2391 307 2457 traditionum
330 2391 574 2457 characteribus
595 2390 836 2472 perscrutandis
859 2399 970 2455 noctes
993 2391 1107 2458 multas
1123 2403 1185 2459 tra«

121 2487 194 2554 duxit
206 2491 382 2556 insomnes.
399 2491 488 2556 Unde
504 2491 635 2554 morbus
650 2489 859 2555 asthmaticus
875 2489 1013 2569 sumpsit
1028 2507 1179 2573 augmen·

122 2588 270 2659 lumbum
287 2589 415 2654 tandem
431 2589 526 2670 longa
539 2590 682 2670 hydrope
694 2589 829 2670 aliisque
841 2589 1043 2654 mortalitatis
1059 2590 1179 2658 incom-

123 2687 221 2763 modis,
249 2688 356 2753 multis
393 2689 536 2768 repletus
571 2689 719 2759 miseriis,
750 2687 967 2752 sacrosanctis
996 2691 1179 2756 exeuntium

122 2787 312 2852 sacramentis
338 2787 390 2868 pie
412 2787 583 2866 susceptis,
609 2787 699 2849 hilari
724 2786 803 2850 facie
827 2785 1035 2866 expirantis
1052 2805 1180 2854 novem*

123 2879 177 2947 bris
200 2885 287 2962 1768,
317 2885 402 2950 circa
432 2885 653 2951 duodecimam
683 2894 884 2959 nocturnam,
915 2884 1027 2949 aetatis
1053 2887 1181 2955 circiter

122 2978 324 3048 diurnorum.

154 3129 198 3192 83.
220 3131 346 3196 loannes
357 3133 604 3197 TneooonusVau
618 3134 742 3206 Gtsrsu,
754 3133 985 3208 llamootanus,
995 3134 1181 3202 discedente
1207 3183 1210 3194 ψ.

122 3226 232 3296 domino
255 3231 394 3297 ilenrico
420 3233 567 3298 Gabriele
588 3233 650 3296 llan
675 3232 842 3306 Cameren,
860 3233 1024 3298 docendae
1040 3233 1181 3316 philoso-

124 3327 199 3400 phiae
212 3331 425 3396 admoveturl
441 3331 590 3398 febroarii
606 3332 698 3402 liet.
713 3343 744 3398 et
759 3349 842 3396 anno
859 3332 951 3406 1738,
966 3349 1076 3398 mense
1087 3332 1179 3413 julio,

122 3421 230 3507 eligitur
244 3429 430 3514 paedagogii
446 3431 627 3498 Castrensis
642 3449 769 3512 regens.
787 3431 864 3496 Vide
880 3449 988 3513 supra,
1007 3451 1038 3512 p.
1052 3431 1103 3495 20.

156 3575 199 3638 86.
220 3577 345 3643 loannes
361 3581 423 3644 Van
441 3599 497 3644 nen
512 3583 655 3654 huwena,
668 3597 706 3645 ex
724 3581 814 3646 l‘utte
825 3580 908 3644 haud
923 3579 1033 3661 procul
1047 3596 1064 3643 a
1076 3580 1183 3645 Mech-

126 3671 198 3750 linia,
221 3681 334 3744 studiis
361 3680 602 3744 humanioribus
622 3679 740 3745 Ghelae
765 3682 796 3743 iu
825 3681 985 3761 campinia
1013 3680 1181 3755 absolutis,

125 3779 178 3836 tum
202 3777 291 3842 etiam
321 3779 354 3842 in
384 3780 496 3844 eodem
526 3779 693 3860 gymnasio
722 3779 963 3844 dialecticorum
988 3777 1122 3861 primus,
1150 3777 1182 3842 in

125 3885 264 3940 rurreursu
284 3878 426 3958 generali
449 3878 607 3941 lacultatis
630 3877 743 3940 artium
768 3879 851 3943 inter
873 3877 933 3943 lud
947 3876 1184 3960 magistrandos

126 3967 297 4038 celenensi
320 3975 517 4056 paedagogio
539 3991 623 4040 anno
647 3976 726 4038 libb
746 3978 879 4056 primns,
904 3993 960 4058 par
975 3993 1047 4042 cum
1062 3976 1184 4041 loanne

127 4064 246 4146 Baptista
260 4073 407 4137 llouchet
423 4089 441 4137 e
456 4073 650 4154 paedagogio
666 4073 813 4149 hillensi;
839 4074 912 4139 dein
935 4074 1061 4156 collegii
1078 4073 1184 4155 ponti·

128 4163 178 4228 lcii
204 4172 357 4248 nunnus,
390 4182 499 4252 postea
528 4172 621 4237 etiam
651 4174 867 4237 vacantiarum
897 4173 996 4254 pri0r;
1027 4174 1101 4238 inde
1125 4185 1184 4255 per
