3158 4952
764 511 803 522 —
827 477 887 541 310
912 513 948 522 --

311 655 413 720 libere
434 654 472 718 ad
495 654 624 736 aliquod
648 655 873 738 pedagogium,
899 657 950 722 ubi
966 658 1075 734 vellet,
1097 656 1203 721 babila
1220 654 1402 722 sufficiente

312 755 461 819 cautione
475 755 516 820 dc
532 771 595 819 non
609 755 815 834 practicando
827 757 965 838 amplius
978 761 1036 838 pro
1048 756 1231 823 scolaribus
1247 755 1279 819 in
1293 754 1400 836 prelo:-

313 852 433 918 dicium
461 853 754 934 pedagogistarum.
774 857 873 928 Quam
897 857 1026 936 quidem
1050 856 1232 920 cautionem
1260 861 1404 935 prestare

313 951 445 1016 deberet
470 951 502 1014 in
531 952 692 1032 presentia
721 954 881 1018 facultatis
907 964 962 1020 aut
988 956 1226 1036 deputatorum.
1250 951 1297 1016 nd
1319 951 1402 1032 quod

314 1051 467 1132 magister
488 1051 620 1132 Egidius
644 1069 680 1118 se
700 1063 882 1134 promptum
899 1054 1038 1119 reddidit
1053 1062 1085 1119 et
1102 1063 1258 1134 paratum.
1279 1073 1293 1112 r
1311 1052 1403 1122 Acri,

314 1149 355 1224 ll,
371 1149 426 1214 fol.
444 1149 484 1213 94
500 1150 588 1214 v⁰·93
606 1159 644 1214 r⁰.

357 1313 401 1377 Ex
424 1315 486 1379 boc
509 1315 620 1379 ultimo
642 1325 793 1398 excerpto
817 1317 922 1381 elucet
949 1317 1061 1398 primis
1088 1315 1278 1380 Academiae
1306 1313 1404 1383 Lora·

317 1413 442 1477 niensis
464 1413 662 1492 temporibus
684 1415 847 1504 exstitisse
868 1414 1042 1480 discrimen
1068 1416 1151 1479 inter
1174 1412 1349 1494 pedagogia
1374 1423 1405 1490 et

318 1514 444 1576 domos.
475 1512 539 1577 Hae
567 1513 643 1574 nibil
671 1499 777 1578 fuisse'
797 1514 958 1591 videntur,
991 1514 1050 1578 nisi
1082 1515 1322 1586 studiosorum,
1351 1497 1407 1592 oui

318 1611 414 1674 simul
431 1611 665 1686 nutriebantur,
685 1612 859 1687 domicilia,
885 1613 916 1676 in
941 1613 1059 1694 quibus
1086 1613 1243 1677 lectiones
1267 1611 1408 1692 privatae

318 1718 439 1774 tantum
466 1708 675 1773 habebantur.
706 1710 903 1792 paedagogia
924 1720 1030 1776 autem
1055 1713 1185 1792 proprie
1209 1710 1293 1774 dicta
1316 1717 1407 1772 erant

318 1807 464 1889 collegia,
481 1807 533 1870 ubi
548 1823 610 1871 non
624 1809 727 1872 solum
741 1808 907 1874 alebantur
918 1810 1050 1884 alumni,
1064 1813 1121 1874 sed
1136 1809 1167 1871 in
1180 1799 1298 1889 quibus
1311 1805 1405 1871 etiam

319 1907 478 1971 docebant
504 1907 707 1986 professores
733 1924 750 1971 a
776 1907 925 1972 facultate
954 1910 1069 1972 artium
1100 1908 1137 1970 ad
1170 1907 1348 1988 regentiam
1376 1899 1407 1969 et

321 2004 490 2086 legentiam
517 2005 662 2081 admissi,
686 2023 888 2087 quorumque
911 2007 1079 2082 lectioneS,
1105 2006 1148 2071 uti
1173 2015 1250 2069 tunc
1265 2003 1406 2076 aiebant,

321 2105 442 2168 stabant
462 2123 519 2186 pro
538 2107 646 2184 forano.
672 2105 841 2170 Lectiones
857 2116 975 2179 autern,
992 2124 1069 2187 puae
1083 2105 1206 2169 stabant
1219 2122 1276 2186 pro
1297 2105 1316 2183 s
1396 2149 1405 2174 ,

321 2204 468 2283 publicae
483 2214 585 2277 eraut,
611 2214 642 2268 et
664 2205 694 2266 ri
717 2213 910 2269 statutorum
927 2222 1062 2271 necesse
1077 2213 1146 2269 erat
1161 2221 1217 2269 eas
1233 2201 1406 2274 audivisse,

322 2311 356 2366 ut
377 2303 450 2382 quis
472 2303 608 2366 examini
630 2303 668 2366 ad
690 2305 810 2385 gradus
835 2305 1037 2369 academicos
1063 2303 1313 2384 consequendos
1336 2303 1409 2364 ses'e

322 2401 439 2480 sistere
456 2401 569 2480 possit.

365 2567 458 2632 ΝΜ.
482 2569 566 2631 doru
587 2569 760 2644 Wienemu,
784 2570 864 2635 alias
888 2569 1017 2643 Bucam,
1043 2568 1282 2640 Dordracenus,
1307 2565 1411 2630 dicius

324 2668 419 2732 etiam
437 2671 520 2731 Auru
535 2686 571 2730 oe
589 2668 852 2742 bonumamanno
870 2669 949 2732 itta
962 2678 1128 2749 promotus
1148 2667 1317 2730 inanibus
1333 2663 1409 2737 32⁸¹,

325 2766 425 2846 prima
461 2767 531 2831 vice
563 2767 725 2831 admissus
760 2768 798 2831 ad
833 2768 1007 2849 negantiam
1042 2767 1073 2828 in
1111 2766 1261 2830 facultate
1297 2763 1411 2826 artium

324 2865 611 2936 8octobris1436,
637 2873 667 2929 et
691 2866 799 2930 ultima
822 2867 840 2926 *l
863 2867 1006 2930 octobris
1030 2865 1126 2940 1444;
1151 2865 1294 2928 decanus
1318 2861 1412 2927 facul·

325 2963 399 3027 tatis
423 2965 538 3028 artium
562 2980 578 3026 a
599 2964 635 3026 34
655 2963 792 3044 januarii
815 2966 853 3028 ad
879 2965 917 3027 ft
937 2963 1048 3045 aprilis
1067 2964 1159 3027 1439.
1185 2963 1358 3026 Promotus
1373 2961 1410 3023 ad

325 3061 459 3142 gradum
485 3062 628 3126 doctoris
655 3063 685 3124 in
715 3063 871 3127 medicina
898 3070 1033 3126 exeunte
1061 3079 1170 3126 inense
1193 3061 1284 3142 junio
1309 3058 1411 3132 illm

327 3177 399 3223 nam
423 3160 453 3222 in
476 3163 560 3224 Actis
584 3161 742 3226 facultatis
758 3163 871 3226 artium
888 3161 939 3242 (ll,
957 3161 1011 3225 fol.
1030 3160 1068 3223 48
1084 3163 1125 3236 v⁰l
1142 3159 1258 3241 legitur
1273 3158 1312 3222 ad
1329 3158 1412 3222 diem

326 3258 366 3321 23
388 3258 469 3339 J'uuii
495 3259 576 3322 titt
604 3259 838 3339 usupplicassc
867 3262 1025 3324 decanum
1056 3259 1226 3330 facultatis,
1243 3267 1277 3320 ut
1304 3265 1413 3337 posset

331 3382 345 3418 n
361 3359 505 3440 equitare
528 3359 565 3421 ad
584 3359 807 3422 honorandam
825 3359 1011 3440 magistrum
1028 3359 1183 3422 ddamum
1199 3357 1230 3420 in
1247 3356 1414 3422 doctoratu

330 3480 343 3516 n
361 3474 438 3530 sum
455 3468 486 3521 ct
501 3457 648 3522 eumdem
666 3457 851 3538 magistrum
869 3458 1024 3522 ddamum
1037 3457 1239 3537 supplicasse
1256 3473 1314 3536 pro
1328 3455 1413 3535 virga

329 3556 545 3638 n(lcsceptre)
562 3557 738 3630 facultatis;
756 3573 839 3638 quae
863 3557 921 3622 luit
944 3557 989 3619 illi
1011 3572 1168 3621 concessa
1195 3555 1227 3618 in
1250 3553 1412 3619 communi

331 3680 344 3715 n
362 3656 473 3730 forma,
502 3655 628 3720 scilicet
655 3655 798 3736 periculo
823 3673 895 3721 suo.
923 3677 936 3716 u
965 3656 1004 3722 Ut
1032 3664 1117 3736 patet
1143 3672 1181 3719 ex
1207 3652 1413 3734 compotibus

326 3755 435 3836 oppidi
464 3754 672 3819 boranieusis
701 3764 770 3820 erat
799 3771 883 3819 auno
910 3754 990 3819 4444
1019 3771 1177 3835 coregcus
1207 3753 1311 3816 Casiri
1339 3768 1410 3816 cum

328 3854 480 3934 magistro
510 3853 622 3934 Egidio
657 3853 797 3928 flanart;
840 3872 933 3935 quam
964 3853 1140 3935 negantiam
1170 3852 1285 3917 eodem
1316 3867 1413 3925 anno,

328 3952 528 4017 renuntiatus
558 3952 744 4017 medecinae
774 3954 900 4027 doctor,
932 3953 1065 4018 dimisit.
1096 3954 1209 4017 Postea
1239 3953 1343 4016 factus
1369 3958 1418 4016 est

328 4051 505 4116 morticinae
522 4052 786 4132 professorvide
799 4052 976 4118 medicinae
988 4054 1140 4118 doctores
1155 4061 1186 4115 et
1200 4052 1414 4131 professores.

369 4218 404 4280 V.
423 4217 773 4282 Eveaanuus·Gorstaon
796 4235 833 4280 on
855 4217 1002 4294 Zwottrs,
1023 4215 1152 4296 saepius
1168 4213 1276 4280 dictus
1292 4211 1415 4294 simpli·
