3236 4952
695 418 879 480 —tiil-

168 611 173 620 ·
238 599 388 672 intendit,
403 607 437 664 ut
452 596 582 662 aliunde
594 597 681 662 dicto
696 597 834 679 collegio
850 597 1065 663 abundantius
1081 598 1165 664 etde
1180 599 1333 680 pluribus

238 699 348 764 bursis
371 697 587 780 provideatur,
608 704 731 763 attento
753 697 838 778 quod
862 696 1012 762 dominus
1036 697 1198 774 fundator,
1224 697 1331 763 adhuc

239 806 419 879 superstes,
438 812 495 877 per
518 795 666 860 miserias
688 805 719 860 et
740 795 906 876 angustias
929 795 1043 860 horum
1070 803 1250 877 temporum
1273 813 1330 862 ex-

239 898 386 971 haustus,
415 895 565 977 pinguius
593 893 781 975 providendi
811 895 898 960 dicto
927 894 1066 976 collegio
1095 903 1160 959 tam
1190 896 1328 976 amplam

239 1003 431 1079 potestatem
463 1011 526 1060 non
563 993 670 1058 habet.
701 993 801 1059 Prout
831 993 997 1074 amplioris
1026 994 1223 1060 fundationis
1253 1011 1331 1076 spes

237 1094 334 1162 etiam
365 1093 507 1174 affulget,
539 1101 570 1157 et
599 1092 728 1173 quidem
758 1092 916 1174 imprimis
948 1109 986 1158 ex
1017 1092 1203 1159 fundatione
1233 1093 1331 1158 uuius

239 1193 358 1258 bursae
385 1209 442 1275 per
471 1192 640 1273 quamdam
668 1191 841 1255 Barbarum
867 1191 1038 1258 hoerkoos
1063 1191 1226 1268 fundatae,
1253 1191 1330 1258 iicet

240 1292 383 1358 nondum
399 1292 437 1356 ad
455 1290 605 1356 effectum
622 1299 652 1356 et
668 1291 889 1356 executionem
907 1291 1093 1371 perductae.

281 1392 414 1457 vivendi
437 1391 518 1456 ratio
541 1391 573 1454 in
596 1391 658 1455 hoc
680 1389 818 1472 collegio
841 1389 953 1454 eadem
977 1391 1048 1466 erit,
1072 1397 1105 1456 ct
1126 1389 1254 1456 duobus
1276 1399 1331 1456 ant

239 1491 370 1558 circiter
385 1491 476 1555 aunis
495 1490 565 1565 fuit,
580 1489 685 1571 qualis
700 1498 750 1555 est
765 1489 797 1552 in
814 1489 951 1570 collegio
968 1489 1190 1570 theologorum
1207 1498 1238 1554 et
1254 1505 1330 1571 pon·

239 1591 349 1666 libais,
366 1606 447 1671 quae
470 1589 639 1654 observata
663 1588 720 1654 fuit
744 1587 907 1670 usquead
932 1604 1050 1654 annum
1074 1589 1330 1670 octuagesimum

239 1689 396 1772 primum;
415 1698 488 1770 post
504 1687 588 1768 quod
612 1696 740 1768 tempus
756 1695 889 1768 propter
911 1686 1132 1752 difficultatem
1148 1695 1330 1768 temporum

238 1788 377 1870 primum
390 1795 539 1868 quatuor,
549 1785 665 1851 deinde
677 1786 819 1868 quinque
831 1785 945 1850 retenti
959 1794 1033 1850 sunt
1046 1786 1196 1860 studiosi,
1211 1785 1330 1868 quibus

239 1887 310 1952 sola
336 1885 492 1950 hahitatio
515 1901 671 1950 concessa
694 1893 762 1959 est;
787 1895 818 1951 et
845 1901 943 1951 unum
967 1885 1095 1952 illorum
1119 1893 1230 1951 secuta
1256 1893 1331 1951 sunt

238 1985 409 2051 commoda
425 2000 504 2049 suae
519 1983 650 2049 bursae.

280 2083 325 2148 Ex
352 2083 590 2164 perseverantia
620 2093 652 2148 et
678 2083 843 2166 diligentia
874 2083 950 2148 dicti
977 2083 1099 2149 domini
1130 2093 1161 2148 et
1189 2081 1330 2164 magistri

239 2183 349 2249 iacobi
364 2181 521 2256 lansonii,
539 2181 765 2263 praesidentis,
785 2183 901 2248 domus
917 2183 1097 2265 collegiaiis
1119 2181 1151 2245 in
1169 2197 1226 2247 sua
1249 2181 1346 2246 inte*-

239 2282 366 2364 gritate,
384 2281 530 2362 quamvis
554 2282 693 2346 maximo
716 2282 804 2347 illius
820 2299 920 2348 onere
942 2291 973 2348 et
988 2282 1172 2363 gravamine
1194 2299 1232 2346 ex
1248 2281 1329 2345 mili·

237 2381 297 2445 tari
324 2380 498 2461 pracsidio,
516 2389 705 2446 conservata
728 2391 789 2454 est,
810 2391 843 2446 ut
865 2381 953 2446 illius
980 2381 1169 2446 restituendi
1194 2380 1328 2445 facultas

236 2478 416 2558 dependeat
429 2495 465 2543 ex
480 2479 548 2543 sola
561 2479 791 2544 ccursecutione
804 2479 979 2545 solutionis
996 2479 1155 2544 redituum
1168 2478 1327 2559 ejusdem.

278 2577 376 2659 Cujus
391 2593 501 2641 curam
527 2587 559 2641 et
574 2578 716 2642 cronium
734 2579 916 2643 universam
932 2579 1178 2660 dispositionem
1194 2577 1329 2643 Univer-

237 2676 317 2742 sitas
333 2676 465 2741 remittit
487 2685 519 2741 et
541 2676 712 2741 committit
734 2676 923 2742 discretioni
951 2688 984 2742 et
998 2669 1247 2742 benevolentiae
1265 2684 1328 2740 tam

237 2775 315 2840 dicti
341 2773 463 2839 domini
487 2773 652 2839 Michaelis
675 2775 716 2839 du
744 2775 821 2856 Bay,
845 2775 1036 2849 fundatoris,
1064 2791 1157 2858 qnam
1183 2773 1327 2857 magistri

236 2871 346 2937 iacobi
367 2871 525 2946 lanscnii,
550 2871 637 2936 illius
664 2871 828 2954 diligentis
856 2874 1073 2954 promotoris;
1101 2889 1238 2955 quorum
1262 2873 1328 2938 lon·

236 2971 361 3054 giorcm
373 2970 468 3034 vitam
481 2969 519 3034 ad
533 2971 740 3036 occasionem
755 2971 886 3052 majoris
900 2971 1101 3038 liberalitatis
1118 2972 1182 3036 iliis
1198 2980 1286 3054 optat
1297 2979 1329 3037 et

237 3079 403 3154 precator.

234 3253 261 3320 c)
280 3254 385 3307 Statuts
404 3255 523 3319 delinges
542 3271 580 3308 att
598 3259 696 3320 colldpe
721 3260 755 3308 de
773 3255 1015 3322 Sarni-dunestor
1036 3272 1092 3321 por
1111 3271 1161 3309 son
1180 3261 1329 3319 sonamus·

637 3346 736 3400 Michel
755 3352 789 3401 de
808 3347 872 3413 Bae
889 3345 936 3418 (l).

278 3485 402 3552 Statuto
417 3483 538 3566 collegii
559 3488 661 3550 suncti
686 3487 854 3568 ,iupustini
876 3503 971 3570 anper
989 3487 1124 3568 chdcm
1142 3487 1230 3550 necti
1246 3499 1327 3547 nnnc

238 3581 331 3658 1578,
348 3585 457 3666 quinia
476 3585 525 3648 die
541 3589 625 3666 rnuji.

279 3680 357 3746 Post
374 3692 510 3747 mortem
528 3683 670 3766 magistri
689 3685 791 3749 nostri
808 3685 972 3750 Michaelis
988 3684 1028 3749 de
1052 3683 1115 3764 Bay
1131 3691 1163 3748 et
1178 3688 1331 3747 executo-

238 3796 309 3845 rum
325 3782 506 3847 testamenti
523 3782 605 3864 cius,
619 3783 807 3850 visitatores
823 3784 920 3866 hujus
936 3783 1062 3864 collegii
1079 3791 1174 3847 erunt
1188 3780 1331 3846 decanus

275 3978 314 4050 (l)
334 3979 372 4033 Le
393 3980 544 4034 manuscrit
563 3981 669 4052 d'apres
688 3982 778 4054 lequel
798 3999 868 4038 nous
885 3981 1081 4053 reproduisons
1101 3996 1146 4035 cos
1165 3979 1271 4034 &muts
1290 3981 1332 4033 est

237 4067 375 4138 l'origiuel
388 4076 486 4136 meme,
500 4069 579 4142 signe
594 4089 643 4142 par
652 4073 753 4128 Michel
765 4073 799 4128 de
810 4075 877 4146 Bay.
894 4073 916 4127 ll
929 4077 971 4128 est
983 4072 1052 4127 ecrit
1065 4071 1246 4126 entieroment
1256 4069 1290 4124 de
1305 4069 1333 4123 la

238 4159 313 4214 main
327 4160 361 4216 de
373 4161 490 4234 Jacques
503 4162 662 4228 Jansonius,
679 4163 705 4218 le
719 4163 836 4235 premier
850 4163 990 4235 president
1003 4163 1040 4217 du
1054 4163 1170 4232 college.
