3222 4950
722 467 909 531 -tst—

268 621 542 733 rlusgenoralis.
576 651 719 714 fundarit
746 667 830 712 aurio
858 646 938 710 falb
966 657 1032 710 tres
1059 647 1187 719 bursas,
1216 645 1364 728 singulas

268 751 379 832 viginti
403 761 540 831 quatuor
563 751 770 814 florenorum.
792 747 922 811 Obiisse
944 746 1071 810 videtur
1092 745 1131 808 at
1155 746 1205 808 vel
1227 745 1267 808 98
1283 745 1356 824 maji

269 850 412 930 ejusdem
437 853 509 913 antri
534 850 625 912 talo.
652 850 715 912 llas
738 849 852 912 bursas
875 845 1060 910 conferebat
1082 844 1256 924 capitulum
1277 845 1355 908 'lor-

270 966 420 1014 nacense.

311 1048 355 1112 lle
379 1049 487 1112 bursis
513 1066 529 1110 a
555 1049 646 1112 Petro
674 1049 778 1112 (lotrel
809 1047 838 1108 in
865 1046 1000 1109 Falcone
1024 1045 1164 1108 fundatis
1190 1043 1355 1124 sequentia

268 1147 417 1227 leguntur
433 1147 464 1211 in
482 1148 566 1211 dctis
584 1146 743 1210 facultatis
759 1145 874 1208 artium
894 1163 901 1207 :

312 1295 366 1358 Die
389 1299 521 1371 ueneris,
545 1315 590 1358 ec
612 1297 780 1359 novembris
809 1293 898 1366 tots,
918 1295 1037 1358 indicta
1065 1293 1123 1357 luit
1148 1291 1354 1372 congregatio

267 1395 426 1458 facultatis
449 1395 487 1458 ad
506 1395 616 1458 horam
635 1411 748 1460 notram
773 1404 847 1456 ante
866 1393 1044 1468 meridiem,
1063 1393 1094 1454 in
1116 1391 1237 1456 scholis
1261 1389 1355 1452 artis-

268 1503 382 1568 tarum,
393 1494 429 1556 ad
444 1493 683 1557 deliberandum
697 1511 795 1573 super
806 1492 1046 1558 conditionibus
1062 1491 1155 1555 trium
1170 1490 1359 1564 bursarum*

149 1623 152 1631 Α
265 1593 511 1656 constitutarum
530 1592 560 1654 in
579 1594 774 1674 paedagogio
800 1593 958 1663 Falconis.
978 1608 1034 1672 per
1050 1590 1211 1672 quotidem
1236 1589 1353 1668 magis·

267 1701 350 1754 trum
379 1691 505 1755 Petrum
535 1691 654 1765 Comei,
672 1694 867 1778 generalem,
885 1691 961 1756 dum
988 1689 1075 1762 vixit,
1095 1687 1354 1752 reverendissimi

267 1790 411 1870 episcopi
427 1791 642 1856 'for-nacensis
665 1793 831 1864 ricarium.
850 1793 877 1856 si
903 1794 933 1855 in
958 1807 993 1856 ea
1012 1789 1198 1854 fundatione
1222 1788 1355 1851 facultas

267 1891 383 1953 artium
406 1891 480 1954 velit
504 1903 672 1972 acceptare
688 1893 964 1972 preeminentiam,
983 1901 1015 1954 et
1038 1888 1308 1969 superioritatem.
1324 1893 1355 1947 et

267 1988 474 2052 conditiones
490 1989 573 2053 dicte
591 1991 796 2054 fundationis.
814 1990 975 2065 Quantum
998 1990 1036 2052 ad
1054 1989 1150 2052 istum
1173 1986 1353 2054 articulum,

269 2088 350 2150 lectu
368 2105 424 2165 per
447 2089 595 2152 dominos
618 2089 788 2169 deputatos
813 2092 963 2153 hesterna
988 2089 1039 2152 die
1064 2086 1249 2151 schedulam
1274 2084 1356 2162 (llsez

269 2187 433 2263 schedula)
448 2187 679 2263 conditionum,
694 2189 754 2251 sub
767 2189 884 2268 quihus
898 2187 976 2251 dicti
994 2197 1182 2252 executores
1196 2183 1354 2264 quondam

272 2285 415 2364 magistri
432 2285 515 2348 Petri
532 2286 637 2349 Cotrel
651 2287 800 2365 petebant
812 2287 914 2351 dictas
928 2288 1043 2350 bursas
1058 2284 1155 2365 recipi
1173 2293 1205 2348 et
1219 2281 1354 2352 admitti,

271 2391 302 2446 et
330 2400 386 2462 per
409 2383 587 2448 facultatem
614 2386 797 2465 approbari,
822 2386 954 2462 domini,
979 2396 1132 2467 quantum
1161 2384 1191 2445 in
1215 2382 1263 2445 eis
1287 2379 1355 2453 fuit,

272 2481 454 2562 hujusmodi
483 2482 709 2564 fundationem
726 2485 916 2564 approbant,
942 2483 1100 2547 notificant
1123 2491 1154 2546 et
1176 2489 1356 2559 acceptant.

271 2580 499 2644 nichilominus
515 2583 751 2647 committentes
770 2583 933 2663 deputatis
950 2582 990 2645 ad
1008 2581 1207 2646 tractandum
1224 2591 1254 2643 et
1270 2589 1356 2641 tran-

270 2679 438 2758 sigendum
461 2697 533 2745 cum
561 2681 711 2760 praelatis
733 2683 962 2746 executoribus
988 2698 1086 2761 super
1108 2678 1353 2744 conditionibus

272 2777 416 2858 ejusdem
432 2779 639 2858 receptionis.

313 2927 430 2988 Eodem
455 2927 504 2990 die
530 2931 584 3006 (arc
610 2930 777 2992 rtooembris
797 2921 907 3007 ibib),
936 2931 1013 2993 hora
1042 2927 1134 2992 tertia
1164 2945 1181 2989 a
1208 2925 1353 3007 prandio,

273 3024 390 3088 indicta
417 3026 475 3089 fuit
499 3027 662 3106 deputatio
688 3046 788 3108 super
805 3031 947 3108 predicta
978 3028 1161 3106 receptione
1188 3026 1358 3088 bursarum

272 3131 304 3185 ct
329 3124 570 3188 conditionibus
593 3126 737 3206 ejusdem
770 3128 966 3207 receptionis
995 3126 1236 3191 deliberandum
1262 3135 1304 3197 et,
1328 3124 1355 3186 si

273 3221 341 3284 lieri
366 3234 486 3301 posset,
504 3225 743 3305 transigendum
767 3243 840 3290 cum
855 3227 987 3290 domino
1003 3236 1033 3290 et
1057 3225 1211 3305 magistro
1225 3224 1362 3302 laspere·

272 3320 312 3400 de
334 3320 479 3394 Tolnare,
507 3334 679 3388 executore
702 3327 883 3390 testamenti
910 3327 1070 3406 quondam
1093 3323 1215 3388 domini
1237 3333 1270 3388 et
1294 3337 1357 3384 ma-

272 3419 364 3498 gistri
391 3421 476 3485 Petri
501 3424 619 3486 Cotrel.
649 3424 685 3487 bt
711 3424 817 3488 dictus
847 3435 998 3489 executor
1027 3423 1141 3488 obtulit
1171 3421 1355 3486 schedulam

271 3519 502 3598 conditionum,
529 3531 624 3601 prout
645 3522 735 3596 alias,
759 3523 900 3587 dominis
923 3523 1095 3603 deputatis.
1113 3523 1217 3603 Super
1239 3521 1358 3602 quihus

273 3617 400 3709 petebat
425 3619 525 3683 dictas
550 3630 615 3683 tres
639 3619 753 3684 bursas
777 3623 876 3703 repeti
899 3623 937 3686 ad
963 3620 1118 3701 prelatum
1147 3621 1354 3702 pedagogium

268 3714 422 3780 ¹Falconis
457 3718 516 3782 sub
549 3718 789 3784 conditionibus
827 3721 859 3782 in
889 3721 972 3783 dicta
1003 3719 1156 3786 schedula
1183 3719 1353 3784 contentis.

266 3812 350 3878 ·Post
366 3831 441 3879 vero
458 3817 584 3898 longam
601 3818 832 3882 conferentiam
849 3837 922 3884 cum
937 3820 1023 3884 dicto
1039 3821 1171 3884 domino
1186 3827 1357 3883 executore

273 3921 306 3975 et
336 3923 488 3977 maturam
518 3917 782 3982 deliberationem
811 3920 972 3982 conclusit
1005 3920 1216 3984 vicedecanus
1242 3918 1361 3980 bursas

266 4010 336 4074 ¹snb
352 4012 465 4077 iisdem
491 4015 732 4080 conditionibus
754 4033 827 4081 esse
852 4018 1064 4097 recipiendas,
1081 4017 1304 4098 approbandas
1326 4024 1358 4076 et

269 4109 490 4186 ratificamus,
503 4115 724 4192 proutdumini
739 4127 939 4196 receperunt,
953 4116 1131 4197 approbant
1143 4127 1175 4179 et
1187 4115 1354 4178 ratificant.

273 4206 480 4274 conditiones
496 4228 572 4276 vero
587 4213 740 4278 dominus
761 4225 914 4278 executor
931 4216 1031 4278 mittet
1046 4231 1118 4278 cnm
1143 4215 1249 4294 sigillo
1272 4213 1358 4292 capi-
