3158 4952
602 450 639 460 -
665 415 787 478 sta-

173 604 275 674 genter
290 594 440 658 sollicitet
458 592 581 657 auctiori
600 595 706 660 modo.
721 610 785 672 uuo
803 595 916 673 possit,
935 605 965 658 et
981 613 1074 675 (ruam
1096 597 1253 663 citissime

174 693 234 758 freri
251 695 376 774 poterit.
396 695 487 766 bora,
506 693 570 766 llll,
591 693 644 756 fol.
663 693 723 754 259
739 702 781 754 ψ’.

124 930 127 938 1
212 846 263 906 ote
277 846 395 915 toartis,
411 845 512 924 primo
527 845 641 905 mensis
656 845 804 923 februarii
821 845 911 917 ttttt,
930 847 991 908 sub
1008 847 1118 909 boram
1136 863 1252 911 tronum

172 945 208 1006 de
223 961 323 1013 manc.
343 944 460 1006 indicta
479 943 534 1006 fuit
557 943 720 1021 deputatio
738 944 896 1007 facultatis
917 946 998 1008 inter
1013 947 1183 1024 deputatos
1199 962 1254 1010 cr·-

172 1043 306 1107 diuarios
329 1053 361 1106 et
377 1043 619 1106 corumissarios
642 1045 756 1106 domus
774 1044 990 1123 pedagogialis
1014 1045 1174 1108 Falconis.
1193 1045 1252 1120 Qui

171 1142 289 1221 quidem
306 1143 459 1205 dominus
475 1142 615 1204 decanus
632 1143 780 1220 exposuit
796 1142 946 1216 dominis,
964 1144 1125 1222 quomodo
1148 1144 1253 1207 adbuc

172 1243 199 1306 iu
212 1243 350 1322 predicta
364 1243 461 1305 domo
473 1251 583 1304 essunt
596 1241 720 1304 diversa
736 1243 922 1320 reparanda.
937 1242 1090 1306 Similiter
1101 1243 1253 1306 domiuus

171 1353 311 1415 receptor
334 1341 494 1404 facultatis
516 1341 681 1419 esposuit,
706 1340 789 1419 quod
814 1357 874 1403 riou
899 1341 1034 1404 intendit
1056 1358 1092 1404 se
1115 1342 1254 1420 amplius

172 1440 512 1518 intromittere,.ucque
538 1440 706 1518 quicquam
724 1457 884 1518 exponere
912 1440 941 1500 in
959 1440 1052 1502 dictis
1077 1441 1252 1520 reparatio-

172 1540 257 1602 nibus
274 1538 445 1620 pedogogii
463 1538 622 1612 Falconis,
642 1539 700 1600 nisi
719 1540 758 1602 dr
776 1557 854 1601 nora
874 1539 1103 1602 cirrumissioue
1119 1541 1253 1619 deputa«

171 1647 266 1700 torum
285 1638 458 1712 facultatis,
476 1646 596 1700 attento
611 1641 708 1716 quod,
727 1639 753 1698 si
773 1641 853 1702 forte
875 1639 981 1717 alinae
996 1637 1199 1704 difficultates
1218 1640 1250 1702 iu

171 1735 345 1814 hujusmodi
372 1736 498 1818 negotio
520 1745 631 1814 postea
656 1737 884 1816 reperirentur,
903 1747 1023 1799 attento
1048 1738 1141 1799 etiam
1165 1739 1251 1818 quud

171 1835 296 1898 facultas
312 1836 439 1899 dederit
463 1834 541 1912 ipsis
558 1835 719 1912 deputatis
737 1835 895 1898 facultatis
920 1837 1093 1913 plenariam
1112 1846 1252 1916 potestas

171 1945 226 1997 tem
242 1935 413 1999 decidendi
428 1935 610 2013 bujusmodi
627 1933 842 2007 difficultates
858 1945 951 2013 prout
967 1935 1060 1997 latius
1075 1936 1103 1996 in
1121 1936 1251 1999 conclu-

172 2033 257 2096 sione
279 2033 440 2097 facultatis
457 2033 590 2096 babetur
612 2033 664 2095 die
680 2033 808 2096 veneris
831 2032 893 2110 xxij
911 2033 1055 2096 octobris
1077 2050 1162 2098 antro
1178 2034 1255 2113 xlvj,

174 2131 277 2196 Posuit
306 2133 461 2196 dorninus
491 2133 633 2196 decanus
664 2132 693 2192 in
722 2131 1009 2195 deliberationibus
1035 2132 1252 2212 dominorum.

175 2231 242 2294 Post
256 2250 331 2296 vero
348 2232 487 2310 aliquam
503 2231 732 2300 conferentiam
749 2231 907 2294 conclusit
924 2231 1076 2305 decanus,
1091 2230 1175 2312 quod
1193 2229 1253 2310 ipsi

171 2333 305 2412 deputati
331 2331 504 2404 facultatis,
518 2330 607 2409 juxta
631 2329 757 2394 illorum
783 2339 984 2409 potestatem,
1003 2331 1079 2394 dant
1103 2330 1256 2410 predictis

169 2430 398 2494 commissariis
422 2430 593 2509 plenariam
622 2439 811 2507 potestatem
836 2428 1040 2508 perficiendi;
1069 2438 1111 2504 et,
1136 2429 1164 2492 si
1191 2445 1253 2510 que

170 2528 267 2592 adbuc
282 2529 314 2591 in
333 2528 481 2608 predicto
498 2528 673 2608 pedagogio
689 2537 765 2590 suut
782 2528 957 2606 reparanda
974 2537 1028 2591 aut
1045 2527 1251 2606 perficienda.

170 2629 247 2706 duod
267 2627 358 2709 iuxta
377 2627 504 2691 illorum
528 2625 753 2690 discretionem
774 2637 961 2706 reparentur
983 2637 1013 2690 et
1033 2625 1251 2710 perficiantur,

171 2743 228 2790 non
247 2737 355 2791 tamen
376 2737 577 2806 sumptuose,
592 2727 647 2790 sed
670 2744 726 2806 pro
741 2727 874 2790 utilitate
891 2726 1060 2790 facultatis.
1078 2728 1169 2798 Aera,
1184 2725 1253 2796 vll,

170 2824 221 2890 fol.
238 2825 297 2890 too
316 2837 361 2888 νῦ.

209 2977 263 3038 llic
278 2976 435 3048 mercurii,
454 2977 480 3054 vj
495 2977 608 3038 mensis
619 2976 692 3054 julii
712 2975 799 3048 tslt,
819 2975 935 3039 indicta
959 2975 1018 3038 fuit
1039 2974 1203 3055 deputatio
1222 2975 1253 3036 in

172 3089 282 3154 magno
310 3091 459 3145 numero,
485 3073 515 3136 in
543 3074 639 3137 rubea
663 3091 806 3149 camera;
835 3091 943 3140 coram
967 3074 1082 3155 quibus
1105 3071 1255 3137 domiuus

172 3172 310 3236 decanus
335 3173 516 3253 proposuit,
540 3189 579 3236 an
605 3173 746 3252 placeret
767 3173 907 3237 dominis
930 3173 1080 3237 ordinare
1103 3171 1251 3252 aliquem,

172 3273 220 3350 qui
236 3273 461 3336 conscriberet
473 3289 586 3336 omnes
603 3273 712 3336 literas
728 3272 909 3336 scabinales
927 3271 1093 3352 pedagogii
1106 3269 1255 3334 Falconis

170 3384 237 3432 cum
249 3372 416 3450 emptione
432 3382 462 3434 et
478 3371 702 3450 acquisitione,
716 3372 868 3436 censibus
883 3371 1011 3444 aonuis,
1026 3381 1057 3434 et
1073 3369 1255 3449 sumptibus

171 3468 258 3533 lactis
273 3485 313 3533 ac
329 3469 485 3533 faciendis
501 3471 531 3531 in
550 3470 746 3550 perficiendo
762 3470 902 3544 edificio,
918 3487 1040 3534 necnon
1058 3469 1096 3532 ad
1114 3469 1255 3533 scriben-

171 3565 240 3630 dum
264 3587 323 3649 per
339 3568 486 3648 singulos
509 3583 612 3632 astrios
630 3579 755 3649 recepta
780 3579 811 3632 et
831 3569 974 3648 exposita
999 3567 1134 3648 predicti
1158 3567 1255 3646 peda-

171 3667 262 3748 gogii.
280 3667 327 3731 Ex
343 3666 627 3732 deliberationibus
651 3668 853 3732 dominorum
870 3668 1058 3733 conclusum
1084 3667 1153 3742 fuit,
1170 3665 1256 3748 quod

172 3763 282 3830 fierent
297 3768 364 3830 duo
380 3766 516 3846 registra
534 3783 541 3829 :
560 3783 667 3836 uuum,
686 3766 717 3829 in
734 3783 798 3847 ouo
814 3767 1033 3831 scriberentur
1049 3767 1141 3830 litere
1156 3763 1258 3829 scabi-

172 3863 269 3938 nales,
281 3865 404 3944 emptio
417 3874 449 3928 et
461 3863 631 3946 acquisitio
645 3865 777 3944 predicti
793 3866 958 3948 pedagogo
972 3883 1043 3930 cum
1057 3865 1130 3928 aliis
1143 3863 1256 3928 codem

172 3963 493 4043 pertinentiumque
509 3963 682 4028 immobilia
699 3973 790 4038 sont;
809 3974 840 4029 et
854 3965 941 4028 buno
956 3964 1071 4028 librum
1088 3961 1258 4028 commise-

171 4072 243 4124 runt
271 4061 480 4126 scribendum
511 4062 665 4144 magistro
697 4062 839 4144 Philippo
869 4062 980 4138 Buck;
1016 4061 1151 4126 alterum
1181 4077 1257 4125 vero

171 4158 299 4238 librum,
318 4161 349 4224 in
373 4177 437 4242 quo
459 4162 677 4226 scriberentur
700 4178 757 4242 per
779 4161 925 4244 singulos
948 4178 1052 4226 annos
1076 4169 1203 4242 recepta
1226 4167 1259 4222 et
