3236 4952
685 397 872 462 -tbs-

226 615 252 684 b)
272 613 389 668 Ectrcit
401 619 439 668 tiu
453 614 578 685 Rapport
591 629 639 668 sur
662 611 738 668 leem
750 613 799 669 des
812 613 934 684 eolleges
947 613 981 670 de
992 612 1169 670 l'Unirersitr't
1188 630 1222 670 en
1239 615 1322 672 1589.

275 769 441 850 Collegium
464 771 638 836 Gabuleum.
662 803 702 816 -
725 768 882 834 Dominus
898 779 929 834 et
952 769 1104 852 magister
1126 770 1320 836 Franciscus

231 868 297 932 Van
325 868 386 932 den
414 867 602 943 Nieulaude,
634 865 825 942 Gandensis,
857 865 1072 934 scholasticus
1102 869 1205 934 sancti
1236 869 1322 935 Petri

231 965 454 1042 lovaniensis,
471 967 589 1032 abhinc
603 966 733 1032 circiter
747 967 858 1049 viginti
880 967 975 1032 annis
991 968 1129 1034 instituit
1151 969 1321 1049 quamdam

230 1065 374 1130 scholam
401 1083 458 1131 seu
485 1066 657 1148 collegium
686 1075 775 1132 extra
801 1075 833 1132 et
859 1083 960 1148 prope
990 1075 1114 1148 portam
1141 1067 1258 1133 dictam
1284 1070 1321 1132 de

228 1165 498 1246 Minoepoerte,ex
513 1165 660 1246 pluribus
672 1181 730 1246 per
742 1181 813 1230 eum
830 1165 1154 1248 comparatisjunctis
1170 1167 1317 1242 aedibus,

230 1265 268 1328 ad
285 1263 409 1330 litteras
431 1264 688 1346 grammaticales
711 1264 744 1328 in
760 1281 800 1330 eo
816 1265 999 1338 docendas;
1024 1281 1105 1348 quae
1122 1265 1219 1330 aedes
1238 1265 1323 1331 redi·

229 1355 317 1426 tibus
331 1363 448 1427 annuis
464 1362 596 1428 circiter
612 1364 651 1427 ad
669 1362 708 1428 ib
724 1361 866 1429 llorenos
882 1373 1032 1444 gravatae
1048 1371 1135 1429 sunt.

273 1459 342 1536 Quo
359 1469 497 1536 mortuo,
512 1477 606 1544 quam
618 1459 759 1527 difficilis
776 1469 863 1526 esset
878 1461 984 1527 dictae
999 1462 1131 1527 scholae
1146 1469 1177 1527 et
1193 1461 1323 1544 collegii

232 1561 444 1638 continuatio,
461 1570 493 1627 et
507 1560 653 1628 aedilicia
668 1561 744 1626 dicti
761 1561 889 1644 collegii
910 1561 1007 1626 dictis
1022 1561 1181 1628 reditibus
1205 1562 1322 1626 annuis

232 1670 454 1744 gravarentur,
471 1659 707 1728 intercessione
723 1661 898 1725 multorum
915 1661 1073 1726 bonorum
1096 1661 1239 1728 virorum
1257 1677 1324 1726 ma·

232 1758 386 1844 gistratus
397 1759 506 1842 oppidi
523 1759 734 1826 lovaniensis
747 1759 779 1822 in
796 1775 833 1826 se
849 1760 993 1842 suscepit
1009 1761 1204 1826 solutionem
1220 1761 1324 1826 dicto·

233 1873 304 1922 rum
317 1857 492 1934 redituum;
502 1873 596 1942 quam
610 1874 695 1922 nunc
709 1866 841 1940 propter
852 1855 1057 1923 difficultates
1070 1869 1101 1923 et
1113 1859 1325 1924 necessitates

233 1957 416 2038 praesentis
439 1957 596 2040 temporis
620 1957 726 2022 lacere
745 1955 864 2034 diflert,
881 1957 924 2022 ita
941 1967 974 2022 ut
991 1957 1067 2022 dicti
1091 1957 1218 2039 collegii
1234 1955 1324 2022 fundi

232 2063 265 2120 et
287 2055 432 2122 aedilicia
454 2055 520 2122 sint
541 2057 573 2120 in
591 2055 839 2140 periculoque
862 2056 1113 2123 acreditoribus
1135 2057 1326 2122 evincantur

233 2159 297 2220 eta
314 2155 468 2221 moderno
492 2166 624 2240 regente
645 2155 849 2222 deserantur.
867 2155 920 2221 Sic
943 2155 1028 2239 quod
1054 2155 1115 2221 lmc
1138 2155 1323 2238 collegium,

234 2258 297 2320 tem
324 2253 433 2319 sobrie
459 2254 637 2334 fundatum,
664 2255 707 2320 sit
732 2255 764 2318 in
792 2253 935 2336 periculo
966 2255 1075 2320 totalis
1102 2253 1327 2334 resolutionis,

234 2365 306 2418 cum
323 2361 429 2418 tamen
446 2354 607 2434 provideri
623 2353 767 2436 illudque
783 2353 928 2435 ampliari
946 2353 1118 2436 plurimum
1136 2353 1284 2418 interest.

276 2450 465 2516 Provisores
488 2451 583 2536 hujus
605 2452 732 2534 collegii
749 2451 917 2518 constituti
941 2461 1017 2517 sunt
1033 2451 1152 2534 singuli
1176 2452 1327 2517 commis·

232 2550 309 2614 sarii
325 2567 363 2616 ex
378 2549 516 2632 singulis
532 2551 737 2618 facultatibus
758 2551 854 2634 hujus
870 2550 1111 2616 Universitatis.

250 2733 277 2800 c)
297 2733 411 2788 Eoetrait
423 2737 457 2786 de
470 2731 638 2786 l'llesrlemia
651 2731 829 2786 bonomensis
841 2737 875 2786 de
893 2731 1067 2788 vernulam
1080 2732 1121 2805 (2⁰
1133 2732 1191 2796 ab,
1204 2749 1234 2803 p.
1247 2732 1306 2802 7⁷).

275 2891 294 2928 u
311 2869 346 2934 ln
363 2869 423 2934 bac
438 2869 549 2934 ecbola
564 2885 582 2932 a
599 2869 712 2949 primis
727 2869 953 2951 grammaticae
970 2869 1161 2936 rudimentis
1187 2869 1226 2936 ed
1243 2867 1326 2952 logi·

234 2983 305 3036 cam
332 2983 435 3050 usque
460 2967 698 3048 praelectiones
721 2967 841 3034 liebant
862 2967 985 3049 ingenti
1007 2985 1081 3034 cum
1105 2970 1224 3035 lructu.
1251 2968 1328 3052 Eius

233 3075 336 3134 testes
347 3075 425 3132 sunt
435 3066 495 3132 viri
513 3065 796 3148 praestantissimi,
811 3064 865 3148 qui
878 3067 909 3130 in
925 3065 989 3132 boe
1003 3066 1177 3148 aliquando
1189 3066 1328 3150 collegio

233 3166 364 3234 latinam
394 3165 535 3248 linguam
565 3165 759 3237 didicerunt,
791 3166 875 3232 iuter
904 3182 988 3247 quos
1021 3165 1261 3232 illustrissimus
1288 3166 1326 3230 b.

232 3265 373 3332 lacobus
412 3265 557 3341 Boonen,
599 3263 842 3330 blecbliuiensis
885 3264 1170 3346 archiepiscopum
1214 3263 1328 3330 Petrus

233 3363 383 3440 Peckius,
425 3363 615 3430 brabantiae
654 3363 885 3441 cancellarius;
924 3363 1093 3430 Cornelius
1132 3363 1260 3448 Sylvius
1295 3369 1329 3430 et

232 3461 371 3530 lacobus
389 3461 525 3539 llaecbt,
543 3461 699 3544 pontificii
719 3461 802 3546 iuris
820 3472 1066 3537 antecessores,-
1090 3464 1126 3526 t).
1145 3462 1322 3537 Pontanus,

233 3560 423 3630 brabantiae
438 3561 646 3629 comiliarius
662 3571 694 3628 et
708 3561 781 3629 tlsci
798 3561 986 3639 advocatus,
996 3562 1137 3628 loannes
1152 3559 1325 3627 Sebincle·

233 3660 309 3736 lius,
326 3677 439 3726 sacrae
461 3660 641 3743 theologiae
665 3661 805 3731 doctor;
831 3670 864 3727 ut
880 3661 962 3727 alios
984 3671 1106 3727 taceam
1130 3661 1218 3726 viros
1236 3658 1326 3742 prin·

233 3759 334 3841 cipes,
352 3760 503 3836 barones,
528 3760 694 3838 doctores,
718 3769 902 3838 senatores,
918 3761 973 3843 qui
995 3759 1057 3826 sub
1079 3759 1175 3842 hujus
1197 3756 1326 3840 collegii

233 3859 402 3941 disciplina
413 3877 486 3928 cum
500 3859 618 3926 litteris
631 3859 782 3942 pietatem
796 3875 967 3942 moresque
980 3863 1121 3942 optimos
1135 3858 1324 3933 hauserunt,

232 3968 276 4036 st.
288 3959 523 4028 artemetoris
537 3969 590 4026 aut
603 3959 770 4043 republica
783 3959 889 4040 magni
899 3969 1026 4036 essent,
1041 3959 1094 4024 bic
1105 3965 1292 4028 creuerunt·
1306 3977 1325 4016 u
