3284 4956
809 425 991 489 -tta-

358 604 546 672 Academiae
568 605 731 670 literarum
752 621 790 669 ac
810 604 897 669 latini
920 605 1090 680 sermonis,
1111 614 1146 670 ut
1171 606 1215 671 ita
1230 605 1347 682 dicam,
1372 606 1439 672 bal-

356 704 472 769 buties.
488 726 502 764 u
519 704 587 768 Jam
605 703 687 784 apud
712 704 823 779 italos,
846 703 959 769 scribit
979 705 1142 778 Erasmus,
1167 713 1342 786 coeperant
1357 705 1438 770 revi-

358 830 372 856 a
391 803 515 868 viscere
530 803 634 869 bonae
649 804 769 876 literae,
794 819 865 867 oum
889 802 1020 867 Louanii
1047 819 1161 886 magno
1184 820 1256 869 curn
1282 803 1437 885 applausu

357 903 574 984 »legerentur
598 903 752 984 epistolae
778 901 881 966 Caroli
908 901 1093 982 cuiusdam,
1124 903 1178 984 qui
1208 901 1317 967 multis
1347 902 1438 968 aunis

360 1025 373 1060 u
391 1002 575 1067 moderatus
601 1010 652 1066 est
680 1001 909 1082 paedagogium
940 1001 1092 1075 bidense,
1120 1017 1199 1083 quas
1228 1017 1316 1066 nunc
1345 1017 1437 1068 nemo

356 1127 370 1156 ιι
390 1100 539 1182 dignetur
553 1117 682 1166 sumere
696 1101 727 1163 in
744 1117 857 1164 manus
872 1125 887 1154 n
909 1103 953 1164 De
967 1101 1191 1165 conscribendis
1206 1101 1355 1182 epistolia.

397 1280 455 1345 Die
477 1280 517 1344 30
539 1279 722 1344 novembris
739 1279 829 1356 ttae,
846 1279 998 1346 Nicotaus
1013 1279 1126 1354 Viruli,
1140 1279 1243 1344 Caroli
1259 1279 1438 1347 fundatoris

356 1379 454 1455 iilius,
480 1397 498 1444 a
524 1387 613 1459 patre
638 1395 754 1460 regens
779 1378 965 1460 paedagogii
991 1378 1185 1444 constitutus
1211 1379 1292 1454 iuit;
1320 1379 1373 1444 cui
1399 1379 1436 1444 ab

355 1477 469 1543 eodem
490 1495 549 1543 suo
569 1485 659 1558 patre
680 1477 848 1558 coadjutor
870 1478 963 1542 datus
986 1477 1045 1542 suit
1064 1478 1127 1544 heo
1150 1476 1277 1553 Outers,
1294 1493 1334 1543 ex
1351 1477 1435 1544 Hon-

354 1577 491 1640 discota.

397 1675 514 1739 Habuit
535 1683 567 1740 et
587 1674 756 1756 aliquando
772 1683 862 1755 pater
876 1674 1009 1740 Carolus
1024 1681 1229 1755 coregentem
1252 1674 1433 1740 Cornelium

355 1774 525 1851 Hepmans.

394 1869 1429 1947 carolusviruti‚testamentumsuumcondensttebruariittaa.

354 1971 396 2032 ita
419 1970 585 2050 loquitur:
606 1971 715 2048 <ritem
743 1971 816 2051 lego
843 1971 973 2036 domum
1000 1987 1102 2036 meam
1129 1969 1286 2046 debitio,
1314 1972 1346 2037 iu
1374 1987 1432 2054 qua

356 2069 617 2150 upaedagogium
642 2069 822 2134 institutum
846 2079 908 2144 est,
932 2087 1005 2134 cum
1030 2069 1099 2134 suis
1125 2069 1275 2134 omnibus
1301 2071 1433 2135 annexis

356 2167 618 2233 »hereditatibus
650 2178 682 2234 et
710 2169 886 2234 attinentiis
916 2169 1047 2234 fundum
1078 2168 1336 2249 respicientibus,
1359 2170 1433 2233 mihi

355 2289 369 2323 u
387 2266 632 2344 pertinentibus,
663 2276 738 2343 etc,
766 2269 893 2333 seclusa
918 2269 1014 2332 domo
1041 2284 1125 2339 mea,
1156 2267 1189 2330 in
1215 2284 1276 2348 qua
1307 2267 1431 2342 habito,

353 2388 366 2420 r
385 2363 502 2429 exitum
519 2366 655 2431 habente
671 2367 702 2429 in
718 2369 805 2431 Nouo
825 2366 932 2432 Strato
955 2374 987 2431 et
1006 2365 1293 2446 Penniupbeahnto,
1311 2376 1432 2446 partem

354 2486 370 2519 u
387 2463 424 2526 ad
444 2481 534 2528 usum
548 2481 720 2546 pauperum
734 2483 793 2547 pro
805 2465 991 2530 fundatione
1001 2464 1171 2529 bursarum
1187 2465 1220 2528 in
1235 2464 1432 2547 paedagogio

355 2584 368 2619 n
386 2561 455 2624 Lilii
468 2563 646 2628 scolaribus
658 2564 963 2640 distribuendarum,
975 2573 1159 2644 partemque
1171 2565 1209 2628 ad
1223 2581 1315 2628 usum
1331 2565 1431 2630 bono-

351 2677 455 2724 »rum
482 2662 707 2746 magistrorum
733 2663 764 2725 in
791 2663 913 2726 artibus
937 2663 968 2724 in
992 2661 1187 2743 paedagogio
1205 2661 1275 2724 Liiii
1291 2679 1328 2726 se
1343 2679 1431 2728 exer-

350 2783 364 2813 »
384 2759 548 2824 sitentium
564 2768 595 2826 et
610 2761 776 2826 actualiter
790 2761 974 2842 legentium,
988 2761 1137 2842 quamdiu
1154 2777 1210 2825 eos
1222 2760 1331 2841 tegere
1353 2779 1429 2827 coo·

350 2882 368 2916 2>
383 2858 490 2940 tigerit
505 2861 537 2922 in
563 2860 649 2925 dioto
671 2861 865 2942 paedagogio
888 2877 926 2924 ex
941 2859 1083 2940 regentis
1098 2859 1148 2924 vel
1162 2859 1340 2940 regentium
1358 2877 1428 2940 per-

352 2980 365 3014 n
384 2957 539 3024 missione
552 2969 584 3024 et
596 2976 657 3023 non
671 2959 761 3023 alias.
773 2959 834 3023 Pro
847 2958 962 3040 quibus
975 2957 1115 3022 ordinari
1125 2958 1199 3022 volo
1212 2957 1426 3032 incitationes,

352 3077 365 3112 u
383 3072 461 3136 quas
487 3075 568 3122 voco
594 3058 730 3138 gratuita
756 3057 852 3130 dona,
870 3057 902 3120 in
925 3057 1032 3137 piures
1059 3057 1173 3137 partita
1199 3063 1230 3120 et
1255 3057 1371 3122 collata
1397 3058 1427 3120 iu

349 3174 365 3207 c
382 3153 523 3220 favorem
546 3163 689 3220 actorum
715 3155 765 3221 vei
791 3172 880 3235 spem
907 3155 1113 3236 agendorum,
1142 3155 1178 3218 ad
1207 3155 1306 3219 decus
1332 3155 1426 3219 etad

351 3274 364 3311 u
383 3253 559 3331 proiectum
581 3253 761 3318 communis
782 3253 869 3326 boni,
884 3269 929 3342 ac
951 3253 1044 3317 etiam
1069 3253 1200 3333 proprii,
1228 3253 1346 3334 quibus
1365 3263 1428 3318 tra-

348 3372 365 3406 »
381 3349 500 3416 huntur
521 3352 618 3415 animi
644 3351 682 3414 ad
705 3351 867 3416 doctrinas
890 3359 921 3416 et
943 3351 980 3413 ad
1004 3351 1148 3415 virtutes.
1173 3351 1210 3415 Et
1232 3351 1319 3427 volo,
1342 3352 1425 3433 quod

348 3474 360 3500 ι·
381 3449 496 3514 domus
522 3451 574 3514 iila
597 3450 821 3531 paedagogatis
850 3449 919 3512 titii
942 3449 1045 3514 solvat
1069 3465 1174 3513 annue
1197 3449 1424 3532 quinquaginta

350 3563 517 3612 »coronas
544 3565 741 3623 communes,
769 3547 910 3628 qualibet
938 3564 1055 3612 corona
1082 3547 1120 3610 ad
1146 3547 1257 3628 viginti
1285 3549 1426 3632 quinque

347 3646 518 3711 »stuieros
545 3655 659 3720 taxata,
687 3656 719 3711 et
744 3646 887 3727 quotibet
911 3645 1032 3710 stuiero
1058 3648 1096 3708 ad
1124 3653 1190 3709 tres
1218 3647 1366 3724 piaccas;
1395 3659 1425 3713 et

348 3767 361 3801 r
380 3760 437 3822 pro
460 3745 533 3810 ilios
554 3745 696 3810 denariis
719 3745 844 3825 possint
859 3755 1007 3824 regentes
1023 3753 1131 3808 tenere
1147 3745 1263 3807 dictam
1281 3745 1423 3820 donnum,

347 3867 359 3892 ..
380 3843 468 3907 salvo
498 3845 582 3925 quod
612 3844 727 3909 dictam
756 3843 886 3907 domum
916 3841 1055 3922 propriis
1084 3841 1238 3921 impensis
1268 3843 1424 3924 integram

346 3941 535 4006 »retineant
561 3959 649 4008 more
675 3940 750 4006 boni
779 3941 878 4020 patris
904 3939 1089 4003 familias.»
1116 3940 1237 4004 Deinde
1263 3943 1300 4006 ad
1330 3959 1421 4006 usum

343 4037 486 4116 ejusdem
502 4040 709 4116 fundationis,
728 4049 852 4119 praeter
874 4037 1061 4102 minutiores
1084 4054 1213 4114 census,
1238 4039 1322 4116 legat
1344 4041 1421 4104 alias

343 4137 459 4201 domos
485 4155 598 4204 novem
617 4159 624 4199 :
644 4155 748 4214 unam,
766 4154 859 4218 quam
882 4137 935 4201 diu
959 4136 1198 4213 inhabitaverat,
1222 4155 1281 4202 usu
1309 4139 1421 4204 relicto

1458 431 1467 462 Ι
