<?xml version="1.0" encoding="UTF-8"?>
<!DOCTYPE html PUBLIC "-//W3C//DTD XHTML 1.0 Transitional//EN"
    "http://www.w3.org/TR/xhtml1/DTD/xhtml1-transitional.dtd">
<html xmlns="http://www.w3.org/1999/xhtml" xml:lang="en" lang="en">
 <head>
  <title>
</title>
<meta http-equiv="Content-Type" content="text/html;charset=utf-8" />
  <meta name='ocr-system' content='tesseract 3.04.00' />
  <meta name='ocr-capabilities' content='ocr_page ocr_carea ocr_par ocr_line ocrx_word'/>
</head>
<body>
  <div class='ocr_page' id='page_1' title='image "./documentsrelati01reusgoog/documentsrelati01reusgoog_0411.png"; bbox 0 0 3222 4950; ppageno 0'>
   <div class='ocr_carea' id='block_1_1' title="bbox 670 378 855 443">
    <p class='ocr_par' dir='ltr' id='par_1_1' title="bbox 670 378 855 443">
     <span class='ocr_line' id='line_1_1' title="bbox 670 378 855 443; baseline -0.011 0"><span class='ocrx_word' id='word_1_1' title='bbox 670 378 855 443; x_wconf 77' lang='lat'>-397-</span> 
     </span>
    </p>
   </div>
   <div class='ocr_carea' id='block_1_2' title="bbox 228 558 1321 1926">
    <p class='ocr_par' dir='ltr' id='par_1_2' title="bbox 228 558 1321 1926">
     <span class='ocr_line' id='line_1_2' title="bbox 228 558 1316 630; baseline 0.006 -6"><span class='ocrx_word' id='word_1_2' title='bbox 228 559 459 624; x_wconf 65' lang='lat' dir='ltr'><strong>baccalaureus</strong></span> <span class='ocrx_word' id='word_1_3' title='bbox 474 566 506 624; x_wconf 91' lang='lat' dir='ltr'><strong>et</strong></span> <span class='ocrx_word' id='word_1_4' title='bbox 519 558 558 622; x_wconf 92' lang='lat' dir='ltr'><strong>ad</strong></span> <span class='ocrx_word' id='word_1_5' title='bbox 575 558 682 623; x_wconf 87' lang='lat' dir='ltr'><strong>divum</strong></span> <span class='ocrx_word' id='word_1_6' title='bbox 694 559 845 624; x_wconf 80' lang='lat' dir='ltr'><strong>lecchum</strong></span> <span class='ocrx_word' id='word_1_7' title='bbox 863 560 993 625; x_wconf 82' lang='lat' dir='ltr'><strong>lovanii</strong></span> <span class='ocrx_word' id='word_1_8' title='bbox 1010 561 1187 628; x_wconf 89' lang='lat' dir='ltr'><strong>canonieus</strong></span> <span class='ocrx_word' id='word_1_9' title='bbox 1204 586 1217 624; x_wconf 86' lang='grc'><strong>1</strong></span> <span class='ocrx_word' id='word_1_10' title='bbox 1234 565 1316 630; x_wconf 90' lang='lat' dir='ltr'><strong>resi·</strong></span> 
     </span>
     <span class='ocr_line' id='line_1_3' title="bbox 228 657 1316 742; baseline 0.008 -21"><span class='ocrx_word' id='word_1_11' title='bbox 228 659 357 724; x_wconf 87' lang='lat' dir='ltr'><strong>denset</strong></span> <span class='ocrx_word' id='word_1_12' title='bbox 373 659 463 724; x_wconf 89' lang='lat' dir='ltr'><strong>alens</strong></span> <span class='ocrx_word' id='word_1_13' title='bbox 487 658 648 734; x_wconf 89' lang='lat' dir='ltr'><strong>familiam,</strong></span> <span class='ocrx_word' id='word_1_14' title='bbox 666 659 813 739; x_wconf 89' lang='lat' dir='ltr'><strong>exemplo</strong></span> <span class='ocrx_word' id='word_1_15' title='bbox 830 659 938 724; x_wconf 92' lang='lat' dir='ltr'><strong>fratris</strong></span> <span class='ocrx_word' id='word_1_16' title='bbox 963 660 1012 726; x_wconf 92' lang='lat' dir='ltr'><strong>sui</strong></span> <span class='ocrx_word' id='word_1_17' title='bbox 1029 661 1113 727; x_wconf 84' lang='lat' dir='ltr'><strong>Petri</strong></span> <span class='ocrx_word' id='word_1_18' title='bbox 1141 657 1316 742; x_wconf 81' lang='grc'><strong>33113313,</strong></span> 
     </span>
     <span class='ocr_line' id='line_1_4' title="bbox 228 757 1317 839; baseline 0.004 -17"><span class='ocrx_word' id='word_1_19' title='bbox 228 774 340 823; x_wconf 85' lang='grc'><strong>333133</strong></span> <span class='ocrx_word' id='word_1_20' title='bbox 363 757 551 839; x_wconf 74' lang='lat' dir='ltr'><strong>&#39;theologiae</strong></span> <span class='ocrx_word' id='word_1_21' title='bbox 579 757 743 832; x_wconf 88' lang='lat' dir='ltr'><strong>licentiati,</strong></span> <span class='ocrx_word' id='word_1_22' title='bbox 778 758 817 822; x_wconf 90' lang='lat' dir='ltr'><strong>ad</strong></span> <span class='ocrx_word' id='word_1_23' title='bbox 847 759 995 824; x_wconf 78' lang='lat' dir='ltr'>ordinem</span> <span class='ocrx_word' id='word_1_24' title='bbox 1025 760 1183 826; x_wconf 84' lang='lat' dir='ltr'><strong>llinorum</strong></span> <span class='ocrx_word' id='word_1_25' title='bbox 1213 765 1317 828; x_wconf 88' lang='lat' dir='ltr'><strong>saneti</strong></span> 
     </span>
     <span class='ocr_line' id='line_1_5' title="bbox 228 855 1318 940; baseline 0.005 -19"><span class='ocrx_word' id='word_1_26' title='bbox 228 856 392 921; x_wconf 80' lang='lat' dir='ltr'><strong>francisci</strong></span> <span class='ocrx_word' id='word_1_27' title='bbox 413 857 582 938; x_wconf 82' lang='lat' dir='ltr'><strong>ingressus</strong></span> <span class='ocrx_word' id='word_1_28' title='bbox 603 864 664 920; x_wconf 90' lang='lat' dir='ltr'><strong>est.</strong></span> <span class='ocrx_word' id='word_1_29' title='bbox 689 855 725 919; x_wconf 94' lang='lat' dir='ltr'><strong>ln</strong></span> <span class='ocrx_word' id='word_1_30' title='bbox 747 874 823 938; x_wconf 83' lang='lat' dir='ltr'><strong>quo,</strong></span> <span class='ocrx_word' id='word_1_31' title='bbox 840 875 937 938; x_wconf 88' lang='lat' dir='ltr'><strong>quum</strong></span> <span class='ocrx_word' id='word_1_32' title='bbox 960 875 998 923; x_wconf 87' lang='lat' dir='ltr'><strong>ex</strong></span> <span class='ocrx_word' id='word_1_33' title='bbox 1020 860 1196 940; x_wconf 80' lang='lat' dir='ltr'><strong>guardiano</strong></span> <span class='ocrx_word' id='word_1_34' title='bbox 1218 859 1318 926; x_wconf 83' lang='lat' dir='ltr'><strong>Lora-</strong></span> 
     </span>
     <span class='ocr_line' id='line_1_6' title="bbox 231 957 1318 1041; baseline 0.004 -21"><span class='ocrx_word' id='word_1_35' title='bbox 231 959 336 1022; x_wconf 89' lang='lat' dir='ltr'><strong>niensi</strong></span> <span class='ocrx_word' id='word_1_36' title='bbox 352 958 383 1020; x_wconf 91' lang='lat' dir='ltr'><strong>in</strong></span> <span class='ocrx_word' id='word_1_37' title='bbox 401 957 583 1021; x_wconf 90' lang='lat' dir='ltr'><strong>ministrum</strong></span> <span class='ocrx_word' id='word_1_38' title='bbox 607 957 791 1037; x_wconf 87' lang='lat' dir='ltr'><strong>provinciae</strong></span> <span class='ocrx_word' id='word_1_39' title='bbox 806 957 930 1022; x_wconf 90' lang='lat' dir='ltr'><strong>electus</strong></span> <span class='ocrx_word' id='word_1_40' title='bbox 954 967 1053 1032; x_wconf 90' lang='lat' dir='ltr'><strong>esset,</strong></span> <span class='ocrx_word' id='word_1_41' title='bbox 1072 965 1103 1024; x_wconf 89' lang='lat' dir='ltr'><strong>et</strong></span> <span class='ocrx_word' id='word_1_42' title='bbox 1118 959 1160 1024; x_wconf 89' lang='lat' dir='ltr'><strong>ob</strong></span> <span class='ocrx_word' id='word_1_43' title='bbox 1179 961 1318 1041; x_wconf 94' lang='lat' dir='ltr'><strong>pruden-</strong></span> 
     </span>
     <span class='ocr_line' id='line_1_7' title="bbox 230 1054 1317 1140; baseline 0.005 -21"><span class='ocrx_word' id='word_1_44' title='bbox 230 1058 305 1121; x_wconf 87' lang='lat' dir='ltr'><strong>tiam</strong></span> <span class='ocrx_word' id='word_1_45' title='bbox 332 1073 370 1120; x_wconf 91' lang='lat' dir='ltr'><strong>ac</strong></span> <span class='ocrx_word' id='word_1_46' title='bbox 395 1056 592 1138; x_wconf 76' lang='lat' dir='ltr'><strong>singularem</strong></span> <span class='ocrx_word' id='word_1_47' title='bbox 619 1054 651 1119; x_wconf 91' lang='lat' dir='ltr'><strong>in</strong></span> <span class='ocrx_word' id='word_1_48' title='bbox 678 1056 891 1122; x_wconf 89' lang='lat' dir='ltr'><strong>concionibus</strong></span> <span class='ocrx_word' id='word_1_49' title='bbox 914 1057 1111 1138; x_wconf 77' lang='lat' dir='ltr'><strong>diligentiam</strong></span> <span class='ocrx_word' id='word_1_50' title='bbox 1128 1069 1160 1124; x_wconf 92' lang='grc'><strong>31</strong></span> <span class='ocrx_word' id='word_1_51' title='bbox 1185 1059 1317 1140; x_wconf 83' lang='lat' dir='ltr'><strong>gratiam</strong></span> 
     </span>
     <span class='ocr_line' id='line_1_8' title="bbox 232 1155 1319 1237; baseline 0.004 -17"><span class='ocrx_word' id='word_1_52' title='bbox 232 1156 365 1220; x_wconf 84' lang='lat' dir='ltr'><strong>multum</strong></span> <span class='ocrx_word' id='word_1_53' title='bbox 395 1156 687 1230; x_wconf 75' lang='lat' dir='ltr'><strong>commendaretur,</strong></span> <span class='ocrx_word' id='word_1_54' title='bbox 714 1155 845 1236; x_wconf 82' lang='lat' dir='ltr'><strong>aragia</strong></span> <span class='ocrx_word' id='word_1_55' title='bbox 872 1155 1037 1237; x_wconf 86' lang='lat' dir='ltr'><strong>llajestate</strong></span> <span class='ocrx_word' id='word_1_56' title='bbox 1059 1158 1243 1223; x_wconf 91' lang='lat' dir='ltr'><strong>nominatus</strong></span> <span class='ocrx_word' id='word_1_57' title='bbox 1270 1171 1319 1224; x_wconf 91' lang='lat' dir='ltr'><strong>est</strong></span> 
     </span>
     <span class='ocr_line' id='line_1_9' title="bbox 231 1254 1320 1336; baseline 0.003 -17"><span class='ocrx_word' id='word_1_58' title='bbox 231 1257 354 1334; x_wconf 89' lang='lat' dir='ltr'><strong>primus</strong></span> <span class='ocrx_word' id='word_1_59' title='bbox 369 1255 543 1336; x_wconf 89' lang='lat' dir='ltr'><strong>episcopus</strong></span> <span class='ocrx_word' id='word_1_60' title='bbox 559 1254 811 1319; x_wconf 85' lang='lat' dir='ltr'><strong>flaventriensis.</strong></span> <span class='ocrx_word' id='word_1_61' title='bbox 829 1255 866 1318; x_wconf 96' lang='lat' dir='ltr'><strong>ln</strong></span> <span class='ocrx_word' id='word_1_62' title='bbox 882 1273 943 1336; x_wconf 84' lang='lat' dir='ltr'><strong>qua</strong></span> <span class='ocrx_word' id='word_1_63' title='bbox 968 1256 1122 1336; x_wconf 71' lang='lat' dir='ltr'><strong>dignitate</strong></span> <span class='ocrx_word' id='word_1_64' title='bbox 1137 1256 1216 1322; x_wconf 89' lang='lat' dir='ltr'><strong>obiit</strong></span> <span class='ocrx_word' id='word_1_65' title='bbox 1235 1261 1320 1322; x_wconf 90' lang='lat' dir='ltr'><strong>anno</strong></span> 
     </span>
     <span class='ocr_line' id='line_1_10' title="bbox 230 1353 1317 1435; baseline 0.003 -17"><span class='ocrx_word' id='word_1_66' title='bbox 230 1355 321 1428; x_wconf 90' lang='grc'><strong>1577,</strong></span> <span class='ocrx_word' id='word_1_67' title='bbox 335 1353 388 1418; x_wconf 92' lang='lat' dir='ltr'><strong>die</strong></span> <span class='ocrx_word' id='word_1_68' title='bbox 399 1353 440 1416; x_wconf 73' lang='grc'><strong>16</strong></span> <span class='ocrx_word' id='word_1_69' title='bbox 453 1353 539 1435; x_wconf 82' lang='lat' dir='ltr'><strong>maji,</strong></span> <span class='ocrx_word' id='word_1_70' title='bbox 552 1353 624 1434; x_wconf 91' lang='lat' dir='ltr'><strong>ipso</strong></span> <span class='ocrx_word' id='word_1_71' title='bbox 636 1353 688 1418; x_wconf 92' lang='lat' dir='ltr'><strong>die</strong></span> <span class='ocrx_word' id='word_1_72' title='bbox 701 1354 911 1434; x_wconf 89' lang='lat' dir='ltr'><strong>pentecostis,</strong></span> <span class='ocrx_word' id='word_1_73' title='bbox 929 1371 968 1418; x_wconf 89' lang='lat' dir='ltr'><strong>ex</strong></span> <span class='ocrx_word' id='word_1_74' title='bbox 983 1371 1079 1419; x_wconf 91' lang='lat' dir='ltr'><strong>crure</strong></span> <span class='ocrx_word' id='word_1_75' title='bbox 1095 1356 1176 1420; x_wconf 90' lang='lat' dir='ltr'><strong>male</strong></span> <span class='ocrx_word' id='word_1_76' title='bbox 1193 1365 1317 1433; x_wconf 91' lang='lat' dir='ltr'><strong>curato,</strong></span> 
     </span>
     <span class='ocr_line' id='line_1_11' title="bbox 230 1453 1321 1535; baseline 0.005 -21"><span class='ocrx_word' id='word_1_77' title='bbox 230 1471 326 1535; x_wconf 76' lang='lat' dir='ltr'><strong>‹puum</strong></span> <span class='ocrx_word' id='word_1_78' title='bbox 339 1453 452 1518; x_wconf 91' lang='lat' dir='ltr'><strong>eodem</strong></span> <span class='ocrx_word' id='word_1_79' title='bbox 470 1453 522 1517; x_wconf 91' lang='lat' dir='ltr'><strong>die</strong></span> <span class='ocrx_word' id='word_1_80' title='bbox 534 1469 661 1517; x_wconf 87' lang='lat' dir='ltr'><strong>sacrum</strong></span> <span class='ocrx_word' id='word_1_81' title='bbox 677 1453 886 1526; x_wconf 77' lang='lat' dir='ltr'><strong>celebrasset,</strong></span> <span class='ocrx_word' id='word_1_82' title='bbox 900 1461 932 1518; x_wconf 91' lang='lat' dir='ltr'><strong>et</strong></span> <span class='ocrx_word' id='word_1_83' title='bbox 945 1454 1136 1519; x_wconf 89' lang='lat' dir='ltr'><strong>concionem</strong></span> <span class='ocrx_word' id='word_1_84' title='bbox 1153 1456 1321 1521; x_wconf 88' lang='lat' dir='ltr'><strong>habuisset</strong></span> 
     </span>
     <span class='ocr_line' id='line_1_12' title="bbox 230 1551 1320 1634; baseline 0.001 -19"><span class='ocrx_word' id='word_1_85' title='bbox 230 1554 266 1616; x_wconf 89' lang='lat' dir='ltr'><strong>nd</strong></span> <span class='ocrx_word' id='word_1_86' title='bbox 294 1552 466 1634; x_wconf 79' lang='lat' dir='ltr'><strong>plebemt</strong></span> <span class='ocrx_word' id='word_1_87' title='bbox 494 1551 649 1625; x_wconf 79' lang='grc'><strong>11333333,</strong></span> <span class='ocrx_word' id='word_1_88' title='bbox 666 1553 807 1616; x_wconf 81' lang='lat' dir='ltr'><strong>Historia</strong></span> <span class='ocrx_word' id='word_1_89' title='bbox 834 1553 1086 1630; x_wconf 51' lang='lat' dir='ltr'><strong>furconiensinnt,</strong></span> <span class='ocrx_word' id='word_1_90' title='bbox 1103 1552 1126 1627; x_wconf 91' lang='lat' dir='ltr'><strong>l,</strong></span> <span class='ocrx_word' id='word_1_91' title='bbox 1154 1570 1184 1633; x_wconf 90' lang='lat' dir='ltr'><strong>p.</strong></span> <span class='ocrx_word' id='word_1_92' title='bbox 1202 1553 1262 1617; x_wconf 83' lang='lat' dir='ltr'><strong>fou</strong></span> <span class='ocrx_word' id='word_1_93' title='bbox 1288 1565 1320 1618; x_wconf 93' lang='lat' dir='ltr'><strong>et</strong></span> 
     </span>
     <span class='ocr_line' id='line_1_13' title="bbox 230 1651 1319 1734; baseline 0.003 -20"><span class='ocrx_word' id='word_1_94' title='bbox 230 1651 301 1715; x_wconf 74' lang='grc'><strong>155.</strong></span> <span class='ocrx_word' id='word_1_95' title='bbox 333 1651 480 1716; x_wconf 82' lang='grc'><strong>11313333</strong></span> <span class='ocrx_word' id='word_1_96' title='bbox 508 1660 615 1715; x_wconf 88' lang='grc'><strong>133133</strong></span> <span class='ocrx_word' id='word_1_97' title='bbox 644 1661 827 1731; x_wconf 82' lang='lat' dir='ltr'><strong>postremae</strong></span> <span class='ocrx_word' id='word_1_98' title='bbox 858 1651 965 1732; x_wconf 91' lang='lat' dir='ltr'><strong>phrasi</strong></span> <span class='ocrx_word' id='word_1_99' title='bbox 996 1662 1174 1733; x_wconf 83' lang='lat' dir='ltr'><strong>expunctae</strong></span> <span class='ocrx_word' id='word_1_100' title='bbox 1204 1670 1319 1734; x_wconf 89' lang='lat' dir='ltr'><strong>super-</strong></span> 
     </span>
     <span class='ocr_line' id='line_1_14' title="bbox 233 1749 1320 1834; baseline 0.004 -22"><span class='ocrx_word' id='word_1_101' title='bbox 233 1750 383 1830; x_wconf 76' lang='lat' dir='ltr'><strong>scripsit:</strong></span> <span class='ocrx_word' id='word_1_102' title='bbox 417 1771 431 1809; x_wconf 89' lang='grc'><strong>11</strong></span> <span class='ocrx_word' id='word_1_103' title='bbox 460 1749 553 1813; x_wconf 87' lang='lat' dir='ltr'><strong>Laica</strong></span> <span class='ocrx_word' id='word_1_104' title='bbox 576 1749 802 1813; x_wconf 90' lang='lat' dir='ltr'><strong>communione</strong></span> <span class='ocrx_word' id='word_1_105' title='bbox 829 1750 983 1814; x_wconf 89' lang='lat' dir='ltr'><strong>munitum</strong></span> <span class='ocrx_word' id='word_1_106' title='bbox 1015 1750 1156 1815; x_wconf 86' lang='lat' dir='ltr'><strong>intellexi</strong></span> <span class='ocrx_word' id='word_1_107' title='bbox 1184 1751 1223 1816; x_wconf 89' lang='lat' dir='ltr'><strong>ab</strong></span> <span class='ocrx_word' id='word_1_108' title='bbox 1249 1751 1320 1834; x_wconf 84' lang='lat' dir='ltr'><strong>ejus</strong></span> 
     </span>
     <span class='ocr_line' id='line_1_15' title="bbox 232 1849 1263 1926; baseline 0.002 -13"><span class='ocrx_word' id='word_1_109' title='bbox 232 1849 334 1926; x_wconf 87' lang='lat' dir='ltr'><strong>socio,</strong></span> <span class='ocrx_word' id='word_1_110' title='bbox 350 1849 402 1914; x_wconf 93' lang='lat' dir='ltr'><strong>cui</strong></span> <span class='ocrx_word' id='word_1_111' title='bbox 419 1851 533 1914; x_wconf 90' lang='lat' dir='ltr'><strong>eodem</strong></span> <span class='ocrx_word' id='word_1_112' title='bbox 549 1849 602 1913; x_wconf 89' lang='lat' dir='ltr'><strong>die</strong></span> <span class='ocrx_word' id='word_1_113' title='bbox 616 1849 789 1913; x_wconf 88' lang='lat' dir='ltr'><strong>confessus</strong></span> <span class='ocrx_word' id='word_1_114' title='bbox 805 1849 920 1914; x_wconf 88' lang='lat' dir='ltr'><strong>fuerat.</strong></span> <span class='ocrx_word' id='word_1_115' title='bbox 941 1871 955 1908; x_wconf 86' lang='grc'><strong>1</strong></span> <span class='ocrx_word' id='word_1_116' title='bbox 974 1849 1108 1926; x_wconf 88' lang='lat' dir='ltr'><strong>lhidem,</strong></span> <span class='ocrx_word' id='word_1_117' title='bbox 1126 1850 1158 1912; x_wconf 92' lang='lat' dir='ltr'><strong>in</strong></span> <span class='ocrx_word' id='word_1_118' title='bbox 1176 1860 1263 1916; x_wconf 88' lang='lat' dir='ltr'><strong>nota.</strong></span> 
     </span>
    </p>
   </div>
   <div class='ocr_carea' id='block_1_3' title="bbox 229 2014 1320 2392">
    <p class='ocr_par' dir='ltr' id='par_1_3' title="bbox 229 2014 1320 2392">
     <span class='ocr_line' id='line_1_16' title="bbox 269 2014 1320 2090; baseline 0.002 -12"><span class='ocrx_word' id='word_1_119' title='bbox 269 2015 466 2080; x_wconf 82' lang='grc'><strong>3511133333</strong></span> <span class='ocrx_word' id='word_1_120' title='bbox 483 2016 654 2090; x_wconf 84' lang='lat' dir='ltr'><strong>Lnonanrn,</strong></span> <span class='ocrx_word' id='word_1_121' title='bbox 671 2033 709 2078; x_wconf 86' lang='lat' dir='ltr'><strong>ex</strong></span> <span class='ocrx_word' id='word_1_122' title='bbox 725 2015 883 2090; x_wconf 86' lang='lat' dir='ltr'><strong>Fraxinis,</strong></span> <span class='ocrx_word' id='word_1_123' title='bbox 900 2014 1008 2080; x_wconf 91' lang='lat' dir='ltr'><strong>dietus</strong></span> <span class='ocrx_word' id='word_1_124' title='bbox 1029 2016 1124 2080; x_wconf 90' lang='lat' dir='ltr'><strong>etiam</strong></span> <span class='ocrx_word' id='word_1_125' title='bbox 1139 2017 1267 2082; x_wconf 81' lang='grc'><strong>1133333</strong></span> <span class='ocrx_word' id='word_1_126' title='bbox 1282 2036 1320 2080; x_wconf 84' lang='grc'><strong>33</strong></span> 
     </span>
     <span class='ocr_line' id='line_1_17' title="bbox 232 2113 1319 2195; baseline 0.004 -19"><span class='ocrx_word' id='word_1_127' title='bbox 232 2115 381 2190; x_wconf 76' lang='lat' dir='ltr'><strong>Feminis,</strong></span> <span class='ocrx_word' id='word_1_128' title='bbox 399 2115 594 2180; x_wconf 87' lang='lat' dir='ltr'><strong>constitutus</strong></span> <span class='ocrx_word' id='word_1_129' title='bbox 607 2130 724 2195; x_wconf 80' lang='lat' dir='ltr'><strong>regens</strong></span> <span class='ocrx_word' id='word_1_130' title='bbox 742 2113 889 2178; x_wconf 83' lang='lat' dir='ltr'><strong>Falconis</strong></span> <span class='ocrx_word' id='word_1_131' title='bbox 906 2131 990 2178; x_wconf 91' lang='lat' dir='ltr'><strong>anno</strong></span> <span class='ocrx_word' id='word_1_132' title='bbox 1006 2114 1098 2188; x_wconf 87' lang='grc'><strong>1550,</strong></span> <span class='ocrx_word' id='word_1_133' title='bbox 1116 2115 1227 2179; x_wconf 88' lang='grc'><strong>131133</strong></span> <span class='ocrx_word' id='word_1_134' title='bbox 1245 2133 1319 2195; x_wconf 92' lang='lat' dir='ltr'><strong>pae-</strong></span> 
     </span>
     <span class='ocr_line' id='line_1_18' title="bbox 229 2212 1320 2295; baseline 0.005 -22"><span class='ocrx_word' id='word_1_135' title='bbox 229 2215 365 2295; x_wconf 78' lang='lat' dir='ltr'><strong>dagogio</strong></span> <span class='ocrx_word' id='word_1_136' title='bbox 392 2214 502 2279; x_wconf 88' lang='lat' dir='ltr'><strong>docuit</strong></span> <span class='ocrx_word' id='word_1_137' title='bbox 522 2212 759 2294; x_wconf 83' lang='lat' dir='ltr'><strong>philosophiam</strong></span> <span class='ocrx_word' id='word_1_138' title='bbox 786 2212 826 2278; x_wconf 89' lang='lat' dir='ltr'><strong>ab</strong></span> <span class='ocrx_word' id='word_1_139' title='bbox 851 2230 937 2280; x_wconf 87' lang='lat' dir='ltr'><strong>anno</strong></span> <span class='ocrx_word' id='word_1_140' title='bbox 961 2213 1103 2278; x_wconf 79' lang='grc'><strong>154133</strong></span> <span class='ocrx_word' id='word_1_141' title='bbox 1127 2213 1320 2279; x_wconf 74' lang='grc'><strong>1551111113</strong></span> 
     </span>
     <span class='ocr_line' id='line_1_19' title="bbox 230 2311 815 2392; baseline 0.002 -19"><span class='ocrx_word' id='word_1_142' title='bbox 230 2315 311 2377; x_wconf 86' lang='grc'><strong>13131·</strong></span> <span class='ocrx_word' id='word_1_143' title='bbox 325 2321 473 2392; x_wconf 82' lang='lat' dir='ltr'><strong>regentes</strong></span> <span class='ocrx_word' id='word_1_144' title='bbox 486 2312 647 2386; x_wconf 84' lang='lat' dir='ltr'><strong>Falconis,</strong></span> <span class='ocrx_word' id='word_1_145' title='bbox 659 2319 692 2374; x_wconf 72' lang='grc' dir='ltr'><strong>3ο</strong></span> <span class='ocrx_word' id='word_1_146' title='bbox 704 2311 815 2374; x_wconf 88' lang='lat' dir='ltr'><strong>xvflf.</strong></span> 
     </span>
    </p>
   </div>
   <div class='ocr_carea' id='block_1_4' title="bbox 226 2473 1352 3543">
    <p class='ocr_par' dir='ltr' id='par_1_4' title="bbox 226 2473 1352 3543">
     <span class='ocr_line' id='line_1_20' title="bbox 267 2473 1317 2550; baseline -0.001 -12"><span class='ocrx_word' id='word_1_147' title='bbox 267 2475 320 2539; x_wconf 89' lang='grc'><strong>36.</strong></span> <span class='ocrx_word' id='word_1_148' title='bbox 343 2479 470 2538; x_wconf 82' lang='grc'><strong>1133333</strong></span> <span class='ocrx_word' id='word_1_149' title='bbox 495 2475 558 2538; x_wconf 76' lang='lat' dir='ltr'><strong>Van</strong></span> <span class='ocrx_word' id='word_1_150' title='bbox 581 2492 639 2537; x_wconf 87' lang='grc'><strong>3311</strong></span> <span class='ocrx_word' id='word_1_151' title='bbox 653 2473 772 2537; x_wconf 73' lang='lat' dir='ltr'><strong>Venena</strong></span> <span class='ocrx_word' id='word_1_152' title='bbox 786 2474 834 2538; x_wconf 92' lang='lat' dir='ltr'><strong>vel</strong></span> <span class='ocrx_word' id='word_1_153' title='bbox 851 2473 1030 2550; x_wconf 73' lang='lat' dir='ltr'><strong>Venenum,</strong></span> <span class='ocrx_word' id='word_1_154' title='bbox 1048 2473 1127 2538; x_wconf 89' lang='lat' dir='ltr'><strong>alias</strong></span> <span class='ocrx_word' id='word_1_155' title='bbox 1143 2474 1239 2540; x_wconf 89' lang='lat' dir='ltr'><strong>eliam</strong></span> <span class='ocrx_word' id='word_1_156' title='bbox 1253 2475 1317 2538; x_wconf 81' lang='lat' dir='ltr'><strong>vm</strong></span> 
     </span>
     <span class='ocr_line' id='line_1_21' title="bbox 229 2573 1317 2655; baseline 0 -17"><span class='ocrx_word' id='word_1_157' title='bbox 229 2576 439 2650; x_wconf 83' lang='lat' dir='ltr'><strong>Kaacnnovan,</strong></span> <span class='ocrx_word' id='word_1_158' title='bbox 457 2573 722 2650; x_wconf 83' lang='lat' dir='ltr'><strong>Aldenardensis,</strong></span> <span class='ocrx_word' id='word_1_159' title='bbox 747 2573 852 2637; x_wconf 89' lang='lat' dir='ltr'><strong>dietus</strong></span> <span class='ocrx_word' id='word_1_160' title='bbox 875 2591 1003 2655; x_wconf 86' lang='lat' dir='ltr'><strong>quoque</strong></span> <span class='ocrx_word' id='word_1_161' title='bbox 1018 2573 1146 2637; x_wconf 78' lang='lat' dir='ltr'><strong>lacones</strong></span> <span class='ocrx_word' id='word_1_162' title='bbox 1163 2591 1199 2636; x_wconf 85' lang='grc'><strong>33</strong></span> <span class='ocrx_word' id='word_1_163' title='bbox 1222 2575 1317 2638; x_wconf 79' lang='lat' dir='ltr'><strong>huna·</strong></span> 
     </span>
     <span class='ocr_line' id='line_1_22' title="bbox 228 2672 1317 2750; baseline 0.002 -16"><span class='ocrx_word' id='word_1_164' title='bbox 228 2691 334 2750; x_wconf 86' lang='grc'><strong>31111113,</strong></span> <span class='ocrx_word' id='word_1_165' title='bbox 347 2689 432 2738; x_wconf 90' lang='grc'><strong>3333</strong></span> <span class='ocrx_word' id='word_1_166' title='bbox 450 2672 573 2736; x_wconf 82' lang='grc'><strong>151313</strong></span> <span class='ocrx_word' id='word_1_167' title='bbox 587 2672 709 2736; x_wconf 85' lang='lat' dir='ltr'><strong>artibus</strong></span> <span class='ocrx_word' id='word_1_168' title='bbox 725 2690 742 2737; x_wconf 94' lang='lat' dir='ltr'><strong>e</strong></span> <span class='ocrx_word' id='word_1_169' title='bbox 759 2672 897 2738; x_wconf 82' lang='lat' dir='ltr'><strong>Falcone</strong></span> <span class='ocrx_word' id='word_1_170' title='bbox 909 2673 1134 2748; x_wconf 88' lang='lat' dir='ltr'><strong>duodecimus,</strong></span> <span class='ocrx_word' id='word_1_171' title='bbox 1152 2674 1190 2736; x_wconf 92' lang='lat' dir='ltr'><strong>ad</strong></span> <span class='ocrx_word' id='word_1_172' title='bbox 1207 2673 1317 2738; x_wconf 91' lang='lat' dir='ltr'><strong>conci-</strong></span> 
     </span>
     <span class='ocr_line' id='line_1_23' title="bbox 227 2770 1317 2852; baseline 0.002 -20"><span class='ocrx_word' id='word_1_173' title='bbox 227 2773 302 2835; x_wconf 92' lang='lat' dir='ltr'><strong>lium</strong></span> <span class='ocrx_word' id='word_1_174' title='bbox 320 2771 478 2835; x_wconf 77' lang='lat' dir='ltr'><strong>facultatis</strong></span> <span class='ocrx_word' id='word_1_175' title='bbox 493 2770 608 2834; x_wconf 88' lang='grc'><strong>31113111</strong></span> <span class='ocrx_word' id='word_1_176' title='bbox 624 2770 787 2835; x_wconf 90' lang='lat' dir='ltr'><strong>admissus</strong></span> <span class='ocrx_word' id='word_1_177' title='bbox 799 2771 964 2852; x_wconf 79' lang='lat' dir='ltr'><strong>fijannuarii</strong></span> <span class='ocrx_word' id='word_1_178' title='bbox 980 2771 1140 2852; x_wconf 73' lang='grc'><strong>13133111</strong></span> <span class='ocrx_word' id='word_1_179' title='bbox 1157 2781 1188 2836; x_wconf 92' lang='lat' dir='ltr'><strong>et</strong></span> <span class='ocrx_word' id='word_1_180' title='bbox 1205 2781 1317 2852; x_wconf 91' lang='lat' dir='ltr'><strong>postea</strong></span> 
     </span>
     <span class='ocr_line' id='line_1_24' title="bbox 228 2855 1352 2951; baseline 0.001 -19"><span class='ocrx_word' id='word_1_181' title='bbox 228 2871 284 2935; x_wconf 94' lang='lat' dir='ltr'><strong>fuit</strong></span> <span class='ocrx_word' id='word_1_182' title='bbox 300 2870 479 2935; x_wconf 86' lang='lat' dir='ltr'><strong>medicinae</strong></span> <span class='ocrx_word' id='word_1_183' title='bbox 500 2871 616 2935; x_wconf 91' lang='lat' dir='ltr'><strong>doctor</strong></span> <span class='ocrx_word' id='word_1_184' title='bbox 638 2880 675 2934; x_wconf 89' lang='grc'><strong>31·</strong></span> <span class='ocrx_word' id='word_1_185' title='bbox 693 2871 870 2950; x_wconf 79' lang='lat' dir='ltr'><strong>professor,</strong></span> <span class='ocrx_word' id='word_1_186' title='bbox 900 2869 1136 2951; x_wconf 83' lang='lat' dir='ltr'><strong>philosophiam</strong></span> <span class='ocrx_word' id='word_1_187' title='bbox 1152 2871 1263 2936; x_wconf 90' lang='lat' dir='ltr'><strong>docuit</strong></span> <span class='ocrx_word' id='word_1_188' title='bbox 1284 2871 1316 2934; x_wconf 93' lang='lat' dir='ltr'><strong>in</strong></span> <span class='ocrx_word' id='word_1_189' title='bbox 1347 2855 1352 2867; x_wconf 80' lang='grc'><strong>’</strong></span> 
     </span>
     <span class='ocr_line' id='line_1_25' title="bbox 229 2969 1318 3050; baseline -0.001 -16"><span class='ocrx_word' id='word_1_190' title='bbox 229 2973 288 3034; x_wconf 89' lang='grc'><strong>1133</strong></span> <span class='ocrx_word' id='word_1_191' title='bbox 303 2987 363 3034; x_wconf 87' lang='grc'><strong>333</strong></span> <span class='ocrx_word' id='word_1_192' title='bbox 377 2969 572 3050; x_wconf 82' lang='lat' dir='ltr'><strong>paedagogio</strong></span> <span class='ocrx_word' id='word_1_193' title='bbox 588 2970 627 3033; x_wconf 90' lang='lat' dir='ltr'><strong>ab</strong></span> <span class='ocrx_word' id='word_1_194' title='bbox 643 2986 727 3033; x_wconf 89' lang='lat' dir='ltr'><strong>anno</strong></span> <span class='ocrx_word' id='word_1_195' title='bbox 743 2969 824 3032; x_wconf 81' lang='grc'><strong>1515</strong></span> <span class='ocrx_word' id='word_1_196' title='bbox 839 2971 877 3033; x_wconf 87' lang='grc'><strong>33</strong></span> <span class='ocrx_word' id='word_1_197' title='bbox 899 2970 993 3033; x_wconf 90' lang='grc'><strong>1553.</strong></span> <span class='ocrx_word' id='word_1_198' title='bbox 1010 2970 1122 3034; x_wconf 81' lang='lat' dir='ltr'><strong>Adhuc</strong></span> <span class='ocrx_word' id='word_1_199' title='bbox 1139 2969 1318 3034; x_wconf 89' lang='lat' dir='ltr'><strong>medicinae</strong></span> 
     </span>
     <span class='ocr_line' id='line_1_26' title="bbox 229 3071 1315 3145; baseline 0.003 -13"><span class='ocrx_word' id='word_1_200' title='bbox 229 3071 498 3145; x_wconf 86' lang='grc'><strong>11333113133,1311</strong></span> <span class='ocrx_word' id='word_1_201' title='bbox 523 3073 664 3136; x_wconf 85' lang='lat' dir='ltr'><strong>decanus</strong></span> <span class='ocrx_word' id='word_1_202' title='bbox 690 3071 850 3135; x_wconf 87' lang='lat' dir='ltr'><strong>facultatis</strong></span> <span class='ocrx_word' id='word_1_203' title='bbox 878 3072 994 3135; x_wconf 90' lang='lat' dir='ltr'><strong>artium</strong></span> <span class='ocrx_word' id='word_1_204' title='bbox 1018 3072 1085 3135; x_wconf 85' lang='lat' dir='ltr'><strong>a3⁸</strong></span> <span class='ocrx_word' id='word_1_205' title='bbox 1100 3072 1250 3136; x_wconf 77' lang='lat' dir='ltr'><strong>Februarii</strong></span> <span class='ocrx_word' id='word_1_206' title='bbox 1277 3073 1315 3135; x_wconf 93' lang='lat' dir='ltr'><strong>ad</strong></span> 
     </span>
     <span class='ocr_line' id='line_1_27' title="bbox 226 3169 1317 3251; baseline 0.002 -19"><span class='ocrx_word' id='word_1_207' title='bbox 226 3171 300 3234; x_wconf 64' lang='lat'><strong>28¹0</strong></span> <span class='ocrx_word' id='word_1_208' title='bbox 316 3169 389 3251; x_wconf 88' lang='lat' dir='ltr'><strong>maji</strong></span> <span class='ocrx_word' id='word_1_209' title='bbox 406 3171 498 3233; x_wconf 84' lang='grc'><strong>1558.</strong></span> <span class='ocrx_word' id='word_1_210' title='bbox 516 3169 694 3235; x_wconf 87' lang='lat' dir='ltr'><strong>Occasione</strong></span> <span class='ocrx_word' id='word_1_211' title='bbox 713 3169 808 3251; x_wconf 77' lang='lat' dir='ltr'><strong>liujus</strong></span> <span class='ocrx_word' id='word_1_212' title='bbox 832 3171 1001 3235; x_wconf 88' lang='lat' dir='ltr'><strong>electionis</strong></span> <span class='ocrx_word' id='word_1_213' title='bbox 1024 3172 1054 3234; x_wconf 92' lang='lat' dir='ltr'><strong>in</strong></span> <span class='ocrx_word' id='word_1_214' title='bbox 1076 3172 1231 3235; x_wconf 89' lang='lat' dir='ltr'><strong>decanum</strong></span> <span class='ocrx_word' id='word_1_215' title='bbox 1248 3180 1317 3236; x_wconf 89' lang='lat' dir='ltr'><strong>orto</strong></span> 
     </span>
     <span class='ocr_line' id='line_1_28' title="bbox 226 3267 1315 3349; baseline -0.001 -17"><span class='ocrx_word' id='word_1_216' title='bbox 226 3279 274 3332; x_wconf 90' lang='lat' dir='ltr'><strong>est</strong></span> <span class='ocrx_word' id='word_1_217' title='bbox 290 3269 510 3334; x_wconf 90' lang='lat' dir='ltr'><strong>controversia</strong></span> <span class='ocrx_word' id='word_1_218' title='bbox 531 3269 563 3330; x_wconf 91' lang='lat' dir='ltr'><strong>in</strong></span> <span class='ocrx_word' id='word_1_219' title='bbox 581 3268 741 3343; x_wconf 89' lang='lat' dir='ltr'><strong>facultate,</strong></span> <span class='ocrx_word' id='word_1_220' title='bbox 760 3267 852 3349; x_wconf 85' lang='lat' dir='ltr'><strong>cujus</strong></span> <span class='ocrx_word' id='word_1_221' title='bbox 870 3269 1098 3344; x_wconf 87' lang='lat' dir='ltr'><strong>narrationem,</strong></span> <span class='ocrx_word' id='word_1_222' title='bbox 1121 3277 1315 3334; x_wconf 89' lang='grc'><strong>331333133-</strong></span> 
     </span>
     <span class='ocr_line' id='line_1_29' title="bbox 226 3366 1318 3448; baseline -0.001 -18"><span class='ocrx_word' id='word_1_223' title='bbox 226 3367 278 3431; x_wconf 89' lang='lat' dir='ltr'><strong>dat</strong></span> <span class='ocrx_word' id='word_1_224' title='bbox 292 3383 463 3448; x_wconf 87' lang='lat' dir='ltr'><strong>quousque</strong></span> <span class='ocrx_word' id='word_1_225' title='bbox 475 3383 514 3431; x_wconf 92' lang='grc'><strong>33</strong></span> <span class='ocrx_word' id='word_1_226' title='bbox 531 3377 686 3447; x_wconf 89' lang='lat' dir='ltr'><strong>tempore,</strong></span> <span class='ocrx_word' id='word_1_227' title='bbox 702 3377 735 3430; x_wconf 88' lang='lat' dir='ltr'><strong>ut</strong></span> <span class='ocrx_word' id='word_1_228' title='bbox 750 3367 793 3430; x_wconf 90' lang='lat' dir='ltr'><strong>ita</strong></span> <span class='ocrx_word' id='word_1_229' title='bbox 807 3366 924 3441; x_wconf 84' lang='lat' dir='ltr'><strong>dicam,</strong></span> <span class='ocrx_word' id='word_1_230' title='bbox 942 3377 1052 3432; x_wconf 89' lang='lat' dir='ltr'><strong>essent</strong></span> <span class='ocrx_word' id='word_1_231' title='bbox 1066 3368 1265 3447; x_wconf 78' lang='lat' dir='ltr'><strong>formulistoe,</strong></span> <span class='ocrx_word' id='word_1_232' title='bbox 1279 3384 1318 3432; x_wconf 85' lang='lat' dir='ltr'><strong>ex</strong></span> 
     </span>
     <span class='ocr_line' id='line_1_30' title="bbox 227 3465 1147 3543; baseline 0.001 -14"><span class='ocrx_word' id='word_1_233' title='bbox 227 3467 312 3530; x_wconf 81' lang='lat' dir='ltr'><strong>Actis</strong></span> <span class='ocrx_word' id='word_1_234' title='bbox 333 3465 493 3530; x_wconf 76' lang='lat' dir='ltr'><strong>facultatis</strong></span> <span class='ocrx_word' id='word_1_235' title='bbox 509 3465 601 3542; x_wconf 90' lang='lat' dir='ltr'><strong>(Vlll,</strong></span> <span class='ocrx_word' id='word_1_236' title='bbox 619 3465 674 3529; x_wconf 91' lang='lat' dir='ltr'><strong>fol.</strong></span> <span class='ocrx_word' id='word_1_237' title='bbox 693 3465 729 3527; x_wconf 91' lang='grc'><strong>71</strong></span> <span class='ocrx_word' id='word_1_238' title='bbox 750 3471 788 3543; x_wconf 63' lang='grc'><strong>11)</strong></span> <span class='ocrx_word' id='word_1_239' title='bbox 806 3465 858 3528; x_wconf 92' lang='lat' dir='ltr'><strong>hic</strong></span> <span class='ocrx_word' id='word_1_240' title='bbox 875 3467 1121 3531; x_wconf 89' lang='lat' dir='ltr'><strong>transcribimus</strong></span> <span class='ocrx_word' id='word_1_241' title='bbox 1140 3489 1147 3529; x_wconf 91' lang='lat'>:</span> 
     </span>
    </p>
   </div>
   <div class='ocr_carea' id='block_1_5' title="bbox 229 3615 1319 4190">
    <p class='ocr_par' dir='ltr' id='par_1_5' title="bbox 229 3615 1319 4190">
     <span class='ocr_line' id='line_1_31' title="bbox 269 3615 1318 3699; baseline 0.001 -22"><span class='ocrx_word' id='word_1_242' title='bbox 269 3641 283 3677; x_wconf 85' lang='grc'><strong>1</strong></span> <span class='ocrx_word' id='word_1_243' title='bbox 302 3617 693 3699; x_wconf 74' lang='grc'><strong>1113131111,11111311133111</strong></span> <span class='ocrx_word' id='word_1_244' title='bbox 713 3616 972 3697; x_wconf 64' lang='grc' dir='ltr'><strong>[3313311115ὔᾶ</strong></span> <span class='ocrx_word' id='word_1_245' title='bbox 992 3617 1110 3682; x_wconf 88' lang='lat' dir='ltr'><strong>indicta</strong></span> <span class='ocrx_word' id='word_1_246' title='bbox 1137 3616 1195 3680; x_wconf 92' lang='lat' dir='ltr'><strong>fuit</strong></span> <span class='ocrx_word' id='word_1_247' title='bbox 1217 3615 1318 3696; x_wconf 92' lang='lat' dir='ltr'><strong>depu-</strong></span> 
     </span>
     <span class='ocr_line' id='line_1_32' title="bbox 229 3715 1315 3792; baseline -0.005 -11"><span class='ocrx_word' id='word_1_248' title='bbox 229 3717 302 3783; x_wconf 87' lang='lat' dir='ltr'><strong>tatio</strong></span> <span class='ocrx_word' id='word_1_249' title='bbox 327 3719 359 3781; x_wconf 93' lang='lat' dir='ltr'><strong>in</strong></span> <span class='ocrx_word' id='word_1_250' title='bbox 384 3718 481 3782; x_wconf 91' lang='lat' dir='ltr'><strong>rubea</strong></span> <span class='ocrx_word' id='word_1_251' title='bbox 500 3732 627 3781; x_wconf 90' lang='lat' dir='ltr'><strong>camera</strong></span> <span class='ocrx_word' id='word_1_252' title='bbox 652 3715 768 3780; x_wconf 91' lang='lat' dir='ltr'><strong>domus</strong></span> <span class='ocrx_word' id='word_1_253' title='bbox 791 3717 960 3792; x_wconf 87' lang='lat' dir='ltr'><strong>facultatis,</strong></span> <span class='ocrx_word' id='word_1_254' title='bbox 986 3717 1024 3780; x_wconf 88' lang='lat' dir='ltr'><strong>ad</strong></span> <span class='ocrx_word' id='word_1_255' title='bbox 1049 3717 1160 3780; x_wconf 91' lang='lat' dir='ltr'><strong>horam</strong></span> <span class='ocrx_word' id='word_1_256' title='bbox 1186 3731 1315 3789; x_wconf 90' lang='lat' dir='ltr'><strong>nonam,</strong></span> 
     </span>
     <span class='ocr_line' id='line_1_33' title="bbox 229 3813 1316 3896; baseline -0.001 -18"><span class='ocrx_word' id='word_1_257' title='bbox 229 3825 259 3879; x_wconf 87' lang='lat' dir='ltr'><strong>ot</strong></span> <span class='ocrx_word' id='word_1_258' title='bbox 281 3817 445 3881; x_wconf 88' lang='lat' dir='ltr'><strong>seniorum</strong></span> <span class='ocrx_word' id='word_1_259' title='bbox 469 3815 608 3880; x_wconf 87' lang='lat' dir='ltr'><strong>nationis</strong></span> <span class='ocrx_word' id='word_1_260' title='bbox 623 3813 774 3879; x_wconf 87' lang='lat' dir='ltr'><strong>Flandrie</strong></span> <span class='ocrx_word' id='word_1_261' title='bbox 797 3825 829 3880; x_wconf 95' lang='grc'><strong>31</strong></span> <span class='ocrx_word' id='word_1_262' title='bbox 848 3817 1025 3896; x_wconf 81' lang='lat' dir='ltr'><strong>regentium</strong></span> <span class='ocrx_word' id='word_1_263' title='bbox 1048 3814 1316 3896; x_wconf 83' lang='lat' dir='ltr'><strong>pedagogiorum;</strong></span> 
     </span>
     <span class='ocr_line' id='line_1_34' title="bbox 229 3910 1319 3995; baseline -0.004 -17"><span class='ocrx_word' id='word_1_264' title='bbox 229 3923 259 3978; x_wconf 89' lang='lat' dir='ltr'><strong>et</strong></span> <span class='ocrx_word' id='word_1_265' title='bbox 274 3923 385 3995; x_wconf 86' lang='lat' dir='ltr'><strong>postea</strong></span> <span class='ocrx_word' id='word_1_266' title='bbox 402 3913 508 3978; x_wconf 87' lang='lat' dir='ltr'><strong>statim</strong></span> <span class='ocrx_word' id='word_1_267' title='bbox 530 3913 650 3978; x_wconf 86' lang='lat' dir='ltr'><strong>indicta</strong></span> <span class='ocrx_word' id='word_1_268' title='bbox 666 3913 724 3976; x_wconf 90' lang='lat' dir='ltr'><strong>fuit</strong></span> <span class='ocrx_word' id='word_1_269' title='bbox 740 3913 947 3994; x_wconf 83' lang='lat' dir='ltr'><strong>congregatio</strong></span> <span class='ocrx_word' id='word_1_270' title='bbox 964 3914 1125 3978; x_wconf 86' lang='lat' dir='ltr'><strong>facultatis</strong></span> <span class='ocrx_word' id='word_1_271' title='bbox 1147 3914 1179 3976; x_wconf 92' lang='lat' dir='ltr'><strong>in</strong></span> <span class='ocrx_word' id='word_1_272' title='bbox 1195 3910 1319 3978; x_wconf 88' lang='lat' dir='ltr'><strong>scholis</strong></span> 
     </span>
     <span class='ocr_line' id='line_1_35' title="bbox 231 4011 1317 4093; baseline 0.005 -19"><span class='ocrx_word' id='word_1_273' title='bbox 231 4013 341 4076; x_wconf 87' lang='lat' dir='ltr'><strong>artium</strong></span> <span class='ocrx_word' id='word_1_274' title='bbox 359 4029 458 4093; x_wconf 90' lang='lat' dir='ltr'><strong>super</strong></span> <span class='ocrx_word' id='word_1_275' title='bbox 470 4012 677 4076; x_wconf 88' lang='lat' dir='ltr'><strong>dissensione</strong></span> <span class='ocrx_word' id='word_1_276' title='bbox 690 4012 861 4076; x_wconf 87' lang='lat' dir='ltr'><strong>electionis</strong></span> <span class='ocrx_word' id='word_1_277' title='bbox 873 4013 985 4076; x_wconf 90' lang='lat' dir='ltr'><strong>decani</strong></span> <span class='ocrx_word' id='word_1_278' title='bbox 1004 4013 1143 4078; x_wconf 88' lang='lat' dir='ltr'><strong>nationis</strong></span> <span class='ocrx_word' id='word_1_279' title='bbox 1155 4011 1317 4081; x_wconf 84' lang='lat' dir='ltr'><strong>Flandrie.</strong></span> 
     </span>
     <span class='ocr_line' id='line_1_36' title="bbox 232 4107 1317 4190; baseline -0.004 -16"><span class='ocrx_word' id='word_1_280' title='bbox 232 4111 301 4190; x_wconf 86' lang='lat' dir='ltr'><strong>quia</strong></span> <span class='ocrx_word' id='word_1_281' title='bbox 318 4111 404 4175; x_wconf 88' lang='lat' dir='ltr'><strong>natio</strong></span> <span class='ocrx_word' id='word_1_282' title='bbox 420 4109 569 4175; x_wconf 89' lang='lat' dir='ltr'><strong>Flandrie</strong></span> <span class='ocrx_word' id='word_1_283' title='bbox 595 4109 698 4190; x_wconf 87' lang='lat' dir='ltr'><strong>pridie</strong></span> <span class='ocrx_word' id='word_1_284' title='bbox 715 4108 962 4190; x_wconf 88' lang='lat' dir='ltr'><strong>purificationis,</strong></span> <span class='ocrx_word' id='word_1_285' title='bbox 981 4111 1013 4174; x_wconf 90' lang='grc'><strong>13</strong></span> <span class='ocrx_word' id='word_1_286' title='bbox 1029 4111 1188 4176; x_wconf 87' lang='grc'><strong>3133113113</strong></span> <span class='ocrx_word' id='word_1_287' title='bbox 1204 4107 1317 4176; x_wconf 85' lang='lat' dir='ltr'><strong>deceni</strong></span> 
     </span>
    </p>
   </div>
   <div class='ocr_carea' id='block_1_6' title="bbox 0 0 1619 4950">
    <p class='ocr_par' dir='ltr' id='par_1_6' title="bbox 0 0 1619 4950">
     <span class='ocr_line' id='line_1_37' title="bbox 0 0 1619 4950; baseline 0 0"><span class='ocrx_word' id='word_1_288' title='bbox 0 0 1619 4950; x_wconf 95' lang='lat' dir='ltr'><strong> </strong></span> 
     </span>
    </p>
   </div>
  </div>
 </body>
</html>
