3130 4956
666 459 850 528 -218-

258 639 346 710 ltem.
364 659 426 706 nou
441 639 558 723 poterit
573 641 677 708 dictus
694 643 875 709 Waltberus
896 651 971 708 ante
992 639 1171 723 exspiratus
1186 640 1291 708 dictos

213 739 370 805 terminos
385 742 513 806 domurn
527 743 631 808 loeatu
648 743 739 809 alteri
755 743 891 828 tradere,
901 742 962 808 nisi
979 743 1125 807 facultate
1138 743 1290 824 requisita

212 851 245 902 et
261 840 485 905 consentiente
502 841 532 904 in
549 842 751 907 successoris
767 858 947 923 personam.

258 937 391 1019 iusuper
414 939 519 1004 dictus
542 941 690 1020 magister
704 940 886 1006 Waltberus
909 956 1006 1006 onera
1025 941 1066 1004 de
1080 939 1175 1005 dictis
1190 939 1291 1006 domi·

213 1035 275 1100 bns
292 1037 439 1102 exeuntia
454 1039 615 1120 persolvet
630 1039 827 1122 temporibus
842 1038 970 1114 debitis,
986 1038 1029 1103 ita
1044 1040 1129 1120 quod
1146 1039 1289 1116 facultas,
1356 1043 1360 1054 '

212 1151 374 1218 pauperes
390 1154 447 1202 seu
464 1137 624 1214 boreales,
642 1155 679 1204 ac
694 1138 836 1221 magistri
852 1139 978 1212 domus,
995 1138 1036 1202 ob
1052 1138 1222 1203 solutionis
1237 1138 1292 1203 de-

210 1237 330 1298 lectum
357 1244 409 1299 aut
436 1237 693 1312 retardationem,
711 1238 813 1302 nullas
835 1238 909 1301 lites
931 1245 986 1301 aut
1008 1236 1110 1302 litium
1132 1252 1289 1317 expensas

211 1335 298 1397 serre
312 1351 369 1399 scu
387 1337 548 1402 sustinere
564 1349 728 1418 cogantur.

255 1433 434 1510 Postremo,
461 1437 622 1517 predictus
646 1437 797 1517 magister
813 1436 992 1501 Waltberus
1014 1435 1137 1501 edificia
1157 1433 1290 1516 predicti

212 1533 381 1614 pedagogia
398 1536 504 1598 omnia
520 1545 550 1600 et
572 1535 695 1616 singula
719 1535 913 1600 intertinebit
935 1551 1024 1599 more
1046 1535 1120 1599 boni
1144 1533 1290 1615 patrislu-

213 1631 318 1694 milias
345 1633 376 1694 in
404 1649 442 1697 eo
469 1643 565 1709 statu,
594 1635 625 1698 iu
652 1651 715 1716 quo
740 1635 785 1697 illi
811 1634 987 1709 tradentur,
1015 1633 1089 1698 dolo
1115 1649 1154 1698 ae
1182 1633 1292 1698 iraude

210 1731 369 1805 seclusis;
387 1733 443 1796 scd
461 1752 523 1814 que
540 1724 601 1798 nou
618 1733 842 1798 intertenibilia
852 1731 1157 1814 judicabuntunilla
1170 1732 1290 1796 instau-

211 1827 367 1893 rabuntur
390 1831 543 1912 impensis
568 1832 683 1897 domus
705 1831 791 1914 Juxta
814 1831 1042 1896 discretionem
1068 1839 1099 1895 et
1123 1830 1289 1894 arbitrium

211 1929 509 1994 commissariorum
525 1931 702 1995 dandorum
720 1947 775 2010 per
791 1931 981 2007 facultatem,
999 1930 1088 1995 itaut
1104 1946 1167 1994 uou
1184 1929 1289 1994 miuus

210 2043 305 2106 quam
322 2041 450 2093 centum
468 2046 623 2094 renenses
638 2029 772 2110 singulis
795 2031 887 2094 annis
910 2029 1045 2094 inillam
1062 2045 1154 2094 usum
1169 2027 1290 2108 impen-

210 2125 337 2201 dantur,
356 2129 431 2193 dolo
448 2144 485 2192 ac
501 2129 612 2193 fraude
628 2129 776 2194 seclusis.

251 2323 375 2398 Quibus
391 2324 434 2388 ita
450 2325 553 2399 lectis,
570 2335 641 2405 post
656 2325 916 2391 deliberationem
932 2324 1134 2390 dominorum
1150 2325 1289 2405 desuper

208 2423 488 2505 habitamplacuit
500 2425 638 2489 dominis
651 2425 730 2489 istas
743 2425 945 2489 conditiones
957 2425 1055 2488 lectas
1071 2423 1174 2488 adbuc
1189 2423 1290 2488 semel

208 2523 366 2586 committi
401 2523 525 2588 decano
557 2533 589 2588 et
617 2523 776 2603 deputatis
806 2539 877 2587 cum
907 2522 1137 2588 commissariis
1166 2521 1199 2584 in
1228 2522 1290 2586 boc

209 2623 340 2702 negotio
366 2623 553 2702 assumptis,
579 2632 620 2696 et,
648 2627 677 2688 si
703 2639 784 2702 opus
811 2621 863 2694 sit,
892 2621 1080 2703 quibusdam
1107 2620 1289 2685 senioribus

208 2721 342 2796 vocatis,
361 2737 399 2784 ac
415 2723 543 2786 easdem
556 2722 687 2796 visitari,
702 2729 733 2785 et
751 2721 911 2802 negotium
929 2720 1055 2801 penitus
1073 2719 1202 2800 transigi
1219 2719 1289 2784 sine

210 2819 355 2884 ulteriori
372 2819 527 2885 relatione
549 2821 587 2884 ad
611 2820 804 2885 laenitatem.
820 2820 859 2884 bt
874 2819 922 2884 sic
938 2835 995 2899 par
1009 2819 1116 2884 omnia
1131 2817 1289 2884 conclusit

208 2916 359 2982 dominus
374 2918 598 2984 vicedecanus.
615 2920 705 2995 5555,
723 2917 802 2994 Vlll,
821 2918 875 2984 iol.
893 2918 952 2981 aba
967 2925 1010 2980 r0.

252 3115 392 3181 biliense
408 3115 634 3198 paedagogium
657 3115 738 3180 rexit
753 3113 915 3180 Walterus
935 3113 1171 3196 angiportanos
1187 3131 1287 3197 usque
1384 3147 1389 3160 ·

209 3213 247 3278 ad
263 3230 382 3278 annum
400 3214 491 3278 1567.

248 3313 366 3387 Quaeri
390 3321 504 3393 potest,
525 3329 565 3378 au
581 3313 621 3378 sit
640 3312 723 3377 idern
740 3329 812 3378 com
831 3312 972 3377 Waltero
987 3312 1027 3378 da
1042 3311 1283 3386 Corswaremla,

207 3413 365 3477 canonico
405 3412 725 3489 praemonstratensi,
753 3411 894 3477 abbatiae
934 3409 1192 3492 Tougerlorinsis
1231 3411 1285 3492 qui

207 3509 311 3574 iactus
333 3519 383 3576 est
406 3520 514 3591 pastor
528 3511 560 3574 in
576 3511 700 3590 Alpheo
718 3511 850 3576 ditionis
866 3510 1029 3575 Bredanae
1047 3509 1238 3586 55551580,
1255 3521 1287 3576 et

206 3607 245 3672 ab
260 3608 439 3673 55551583
455 3609 606 3690 usquead
619 3609 699 3673 1590
713 3617 861 3690 tanquam
876 3609 1080 3690 praepositus
1095 3608 1176 3673 rexit
1191 3607 1286 3672 abba-

207 3707 283 3771 tiam
295 3707 574 3790 Tougerlctinsem,
585 3725 624 3772 eo
640 3717 784 3788 tempore
800 3707 913 3772 abbate
929 3707 1182 3787 carentemqoia
1200 3706 1285 3772 unita

205 3813 274 3870 erat
297 3821 427 3870 mensae
442 3806 615 3886 episcopali
631 3806 718 3871 sedis
733 3806 999 3887 Sylvaeducensis
1022 3823 1124 3886 nuper
1146 3815 1282 3870 erectae.

205 3903 370 3968 lleritode
382 3906 440 3969 bae
451 3905 614 3970 identitate
626 3905 807 3990 dubibatur,
825 3921 896 3968 nam
914 3913 1025 3986 pastor
1036 3904 1283 3986 Alphensisqui

206 4009 238 4065 et
261 4009 370 4066 rector
388 4001 647 4084 Tougerlodnsis,
665 4019 793 4083 semper
811 4011 944 4068 uocatur
965 4001 1126 4068 walterus
1146 4001 1283 4068 i'itesius

206 4101 248 4164 de
263 4099 505 4176 Ccrswaremia,
522 4112 553 4168 et
568 4103 684 4168 dicitur
698 4102 852 4167 oriundus
869 4119 908 4168 ea
923 4101 1164 4168 bloutenaelreu.

252 4297 403 4378 accron
418 4313 456 4360 ec
471 4295 559 4360 doris
587 4295 741 4378 facultatis
760 4297 883 4373 artium,
901 4315 978 4384 quac
997 4304 1176 4383 sequuntur,
1193 4297 1281 4362 doce·
