3032 4952
783 460 947 522 42-

318 641 542 720 theologorum
572 641 738 714 alumnus,
767 644 783 702 7
811 639 936 719 augusti
968 639 1047 702 1799
1077 655 1188 705 sacrae
1222 640 1402 722 theologiae

316 737 512 813 licentiatus,
531 737 570 800 10
585 738 711 816 augusti
735 737 882 817 sequenti
905 735 939 800 fit
962 737 993 799 in
1010 755 1069 802 suo
1086 727 1283 819 paedagogio
1300 739 1401 802 castri

316 835 540 916 philosophiae
557 835 734 914 professor.
751 835 843 899 huno
860 833 951 908 1791,
969 851 1041 898 oum
1059 835 1299 914 perturbatores
1322 834 1403 898 Galli

317 933 450 1012 patriam
469 943 613 998 nostram
629 933 836 1006 invasissent,
855 931 1057 1013 philosophis
1072 949 1145 997 oum
1162 933 1401 1013 professoribus

316 1032 451 1110 collegia
474 1032 780 1112 derelinquentibus,
806 1048 842 1095 se
864 1033 946 1110 opud
971 1039 1092 1110 patrem
1113 1049 1206 1096 suum
1229 1043 1305 1096 tuno
1328 1033 1401 1094 Ant·

316 1129 446 1209 verpiae
462 1131 629 1210 degentem
647 1128 780 1208 reoepit,
798 1129 982 1209 ibidemque
998 1128 1198 1209 dyssenteria
1219 1138 1398 1209 correptus,

319 1226 453 1290 florente
469 1233 584 1300 aetate,
603 1225 680 1290 obiit
698 1226 735 1288 19
751 1226 944 1306 septembris
960 1225 1050 1289 1794.

360 1355 430 1418 llll.
455 1357 671 1418 llaxtmtrtuus
694 1356 842 1418 losnenus
865 1355 907 1418 La
931 1357 1026 1430 boux,
1049 1374 1088 1420 ex
1115 1357 1229 1420 Brattia
1257 1357 1402 1426 Comitis,

319 1469 402 1516 antro
433 1454 512 1516 1785
541 1453 572 1515 in
604 1455 805 1531 promotione
834 1453 870 1516 91
904 1455 1193 1534 magistrandorum
1223 1472 1240 1519 e
1267 1454 1404 1518 Faloone

318 1561 463 1630 quartus,
481 1551 556 1615 dein
580 1551 709 1632 maioris
733 1552 859 1632 collegii
884 1553 1104 1632 theologorum
1120 1554 1280 1626 alumnus,
1297 1551 1335 1614 21
1354 1569 1403 1618 au·

319 1649 405 1729 gusti
431 1647 512 1710 1793
539 1648 573 1712 lit
598 1649 630 1711 in
657 1667 716 1714 suo
743 1649 933 1712 Falconensi
961 1649 1156 1730 paedagogio
1184 1650 1405 1730 philosophiae

320 1745 497 1824 professum
511 1746 639 1810 demum
652 1745 838 1821 11101796,
848 1762 920 1810 oum
937 1746 977 1810 ob
992 1762 1123 1825 parrum
1138 1747 1404 1827 pbilosophorum

321 1859 490 1907 numerum
514 1843 703 1920 inlaloone
719 1861 782 1908 non
799 1843 936 1922 amplius
952 1843 1136 1921 doceretur,
1154 1846 1403 1927 transmigravit,

324 1948 359 2005 ut
375 1940 551 2022 professor,
568 1943 600 2004 in
617 1943 787 2006 castrense
804 1940 1046 2021 paedagogium.

363 2073 433 2135 l08.
457 2073 586 2136 Jotnuss
609 2072 822 2136 1111111711
846 2087 903 2136 usn
927 2073 1059 2145 Heroon,
1085 2075 1296 2149 mosacensis,
1314 2082 1406 2142 natus

323 2169 362 2232 28
378 2169 572 2250 septembris
588 2171 680 2244 1767,
705 2171 790 2234 ftlius
813 2168 940 2233 llenrioi
966 2178 996 2233 et
1022 2170 1210 2236 catharinae
1234 2171 1404 2244 liuentem,

323 2283 407 2332 anuo
424 2267 504 2331 1786
519 2285 537 2334 e
553 2268 664 2333 Castro
681 2267 814 2334 11111191
834 2266 1069 2347 magistrandos
1088 2269 1120 2331 in
1136 2285 1297 2334 oonoursu
1315 2269 1407 2336 faoul·

322 2363 397 2428 tatis
423 2366 539 2430 artium
566 2371 700 2446 primae,
730 2375 840 2446 postea
870 2361 1000 2442 majoris
1029 2366 1156 2446 collegii
1182 2367 1406 2448 theologorum

322 2461 483 2532 alumnus,
500 2462 539 2524 11
552 2462 690 2542 januarii
713 2463 793 2527 1791
808 2465 936 2546 eligitur
956 2465 1122 2546 professor
1134 2462 1360 2544 philosophiae
1375 2465 1405 2528 in

321 2559 520 2641 paedagogio
535 2561 701 2638 Faleouis;
716 2563 801 2628 uode
812 2573 1018 2644 postea,oum
1032 2562 1086 2636 ibi,
1098 2569 1131 2627 ut
1143 2579 1241 2642 supra
1254 2563 1404 2636 diximus,

321 2673 387 2722 non
410 2659 548 2739 amplius
571 2659 742 2726 doceretur
767 2665 808 2727 ob
835 2664 995 2728 defectum
1021 2661 1234 2735 alumnorum,
1258 2662 1406 2728 transivit

324 2753 362 2817 ad
380 2754 538 2830 Castrum,
554 2756 664 2838 ibique
679 2760 915 2842 philosophiam
932 2759 1074 2826 tradidit.

366 2883 435 2946 109.
460 2885 1170 2964 1111111119111111111(1111111191111111,
1194 2889 1408 2970 Antverpien·
1500 2929 1501 2960 2

322 2979 379 3052 sis,
410 2997 494 3045 arrno
524 2983 600 3046 1791
634 2985 665 3046 in
696 2987 896 3064 promotione
924 2987 1065 3069 generali
1096 2987 1256 3052 facultatis
1291 2989 1407 3051 artium

321 3085 466 3158 quartus,
492 3078 526 3142 ht
549 3080 773 3160 philosophiae
796 3084 962 3162 professor
982 3085 1014 3147 in
1031 3085 1192 3149 castrensi
1209 3084 1408 3166 paedagogio

321 3175 461 3240 8martii
479 3177 570 3242 1796.
598 3179 739 3243 Ertinota
763 3197 847 3246 antro
873 3183 951 3245 1797
976 3182 1202 3252 Universitate,
1220 3183 1252 3244 in
1273 3183 1407 3263 patriam

320 3271 434 3339 urbem
452 3290 637 3356 regressus,
653 3277 688 3340 lit
711 3279 845 3356 primum
869 3280 1008 3344 vicarius
1031 3281 1068 3344 ad
1095 3291 1242 3344 sanctum
1258 3281 1407 3346 Carolum

320 3371 564 3448 Borrumaeum,
583 3384 614 3437 et
632 3376 759 3452 deinde,
776 3392 859 3442 anno
877 3376 966 3448 1898,
986 3387 1096 3457 pastor
1111 3378 1304 3460 begginugii.
1323 3378 1406 3443 Obiit

317 3465 361 3534 23
376 3469 487 3550 aprilis
505 3471 596 3547 1839,
614 3472 700 3537 lento
718 3475 829 3540 morbo
844 3477 1029 3539 exhaustus.

378 3681 407 3742 5.
427 3715 468 3727 —
482 3683 672 3747 Funduliuus
689 3687 854 3750 lonasto-es
869 3689 905 3750 de
921 3688 951 3750 lu
963 3688 1127 3768 pe'doqupie
1145 3691 1186 3750 tftt
1204 3689 1351 3754 Chri-teuta.

367 3841 498 3908 «Habet
519 3846 676 3924 Godesridi
701 3850 764 3912 Van
786 3850 938 3932 Gompele,
964 3851 1216 3925 Dessohelensis,
1242 3853 1338 3934 primi
1357 3869 1406 3918 re-

322 3939 678 4020 gratissimumque
697 3947 809 4013 bursas
829 3959 911 4022 tres;

362 4037 485 4101 lieineri
499 4041 629 4118 Rotaria,
643 4061 659 4107 a
674 4045 802 4120 leodio,
818 4047 961 4127 regentis
976 4058 1007 4112 et
1020 4049 1201 4113 secundarii
1216 4049 1406 4126 fundatoris,
1498 4067 1499 4137 1

324 4133 453 4199 bursam
472 4155 577 4214 urtam,
596 4157 679 4207 anno
693 4143 789 4217 1176;
