3236 4952
744 409 930 474 -138-

277 593 492 660 emolumenta
515 589 627 672 exigna
654 598 741 666 sunt,
767 599 799 654 ut
825 606 889 656 nou
911 589 1100 660 suffecerint
1124 590 1164 656 ad
1188 607 1365 674 congruam

279 692 458 774 portionem
489 691 629 772 pastoris
658 689 816 754 ecclesiae
845 689 1069 754 Bierbacensis
1099 707 1138 754 ex
1166 690 1260 755 dictis
1288 689 1366 756 dicti

277 791 441 874 prioratus
456 789 612 854 reditibus
629 788 732 870 primo
747 788 819 853 loeo
843 787 1079 868 praestandam.
1099 789 1134 852 m
1153 805 1216 854 non
1242 798 1364 854 mutum

278 889 428 964 ecclesia,
456 888 514 953 sed
543 887 638 952 etiam
668 887 730 952 alia
759 887 837 952 dicti
872 887 1034 968 prioratus
1068 887 1214 953 aedilicia
1244 889 1367 969 ingenti

278 992 481 1070 reparatione
504 997 576 1068 post
598 986 769 1066 aliqualem
792 993 823 1050 et
839 986 940 1067 magis
957 987 1174 1052 necessariam
1199 987 1311 1052 iactam
1326 1003 1367 1052 err

276 1097 485 1170 praeerogata
509 1085 644 1166 pecunia
667 1084 772 1152 dictae
794 1084 957 1149 facultatis
979 1085 1134 1166 indigent,
1154 1094 1187 1150 nt
1208 1085 1291 1150 nulla
1315 1084 1365 1150 vel

279 1186 392 1268 exigua
422 1185 593 1250 admodum
623 1183 665 1248 sit
694 1183 879 1264 apparentia
908 1183 941 1260 iu
971 1184 1059 1248 brevi
1087 1183 1194 1266 aliquo
1221 1195 1367 1264 tempore

281 1285 471 1351 restituendi
487 1283 563 1350 dicti
580 1283 718 1364 collegii
736 1283 829 1362 cujus
845 1283 1031 1362 provisores
1046 1292 1077 1348 et
1091 1283 1275 1348 visitaturos
1290 1291 1367 1348 suot

278 1383 343 1450 duo
367 1400 424 1463 per
444 1382 533 1446 vices
556 1398 573 1444 a
596 1380 681 1445 dicta
704 1381 853 1446 facultate
878 1379 1020 1462 deputati
1047 1398 1160 1446 sacrae
1185 1380 1367 1462 theologiae

277 1482 430 1549 doctores
447 1499 504 1562 pro
520 1481 647 1562 integro
663 1480 806 1551 biennio,
823 1481 877 1561 qui
896 1497 954 1560 pro
970 1490 1121 1546 currente
1143 1481 1206 1545 lroc
1221 1491 1366 1562 tempore

279 1592 356 1648 sunt
367 1581 489 1646 domini
501 1590 533 1645 et
545 1581 687 1662 magistri
704 1579 842 1646 lacobus
853 1579 1026 1645 lansonins
1037 1589 1067 1645 el
1079 1579 1219 1648 lacobus
1231 1579 1272 1643 du
1289 1579 1364 1660 say.

392 1769 417 1828 b)
438 1763 551 1818 Ectroit
569 1768 617 1817 dea
637 1761 712 1816 Fasti
732 1761 883 1816 academici
903 1766 935 1816 da
955 1761 1063 1828 chuot
1083 1763 1117 1832 (l,
1139 1779 1167 1832 p.
1193 1760 1246 1832 13).

318 1920 498 1985 Prioratnm
520 1919 801 1985 Benedictinorum
824 1917 898 1984 divo
923 1917 1044 1983 ililario
1067 1933 1196 1983 sacrum
1218 1919 1251 1982 in
1274 1917 1364 1984 iliar-

278 2019 360 2085 beel
386 2018 470 2083 haud
492 2018 605 2099 procul
629 2015 768 2082 lovanio
791 2016 918 2095 ivenus,
943 2015 1093 2082 dominus
1116 2015 1260 2098 ejusdcm
1283 2015 1362 2093 loci,

278 2117 424 2186 condidit
435 2133 521 2181 1111
535 2116 635 2190 1189;
653 2133 862 2182 successores
877 2133 955 2181 vero
967 2116 1108 2197 praediis
1130 2117 1364 2198 ampliaverunt

277 2215 312 2283 iu
335 2215 467 2299 gratiam
491 2215 721 2280 monachorum
738 2215 945 2281 Remensinm
968 2215 1070 2280 saneti
1091 2215 1229 2291 Nicasii3
1247 2213 1364 2296 quibus

279 2317 375 2383 ctiam
396 2313 450 2396 jus
472 2321 661 2395 patronatus
684 2314 754 2396 ejus
777 2313 838 2379 loci
862 2315 1026 2379 courcessit
1048 2313 1206 2379 ilenricus
1230 2313 1366 2390 111111-

278 2411 695 2490 111111111111111131,
710 2429 745 2478 ea
758 2413 840 2494 lege,
855 2422 888 2478 ut
899 2411 977 2476 inibi
991 2413 1221 2478 monasterium
1238 2421 1365 2480 extrue-

279 2522 381 2579 retur.
406 2512 445 2577 dt
468 2512 678 2594 proventibus
700 2511 838 2576 subinde
860 2509 1039 2576 imminutis
1064 2527 1102 2576 ac
1124 2511 1285 2593 religiosis
1308 2529 1366 2594 per

278 2612 367 2678 illam
393 2611 550 2677 bellorum
579 2611 758 2675 vastitatem
789 2609 919 2676 saeculo
945 2609 1069 2676 decimo
1097 2619 1188 2676 sexto
1218 2610 1364 2691 dilapsis,

279 2727 362 2794 quae
377 2711 418 2776 de
433 2710 527 2775 bonis
549 2709 677 2774 illorum
693 2719 895 2790 supereraut,
911 2709 999 2788 regia
1022 2727 1060 2774 ac
1076 2709 1238 2789 pontificia
1253 2719 1365 2776 aucto-

279 2811 373 2876 ritate
389 2809 502 2875 stricto
517 2807 742 2889 theologorum
758 2807 1006 2874 lovaniensium
1021 2807 1158 2891 collegio
1171 2807 1365 2891 transcripta

280 2918 367 2975 sunt.
1165 2933 1169 2943 ·

322 3005 543 3087 incorporatio
558 3005 719 3087 prioratus
741 3005 823 3071 lacta
839 3016 889 3072 est
908 3023 992 3072 anno
1008 3007 1085 3070 iiiiii
1104 3007 1365 3090 (111111111-

279 3107 437 3172 rationem
471 3121 488 3170 a
522 3105 576 3170 Pio
609 3105 669 3184 lv),
704 3115 770 3170 tum
807 3106 981 3171 accedente
1017 3106 1145 3171 concilii
1180 3105 1365 3172 Brabantini

279 3221 442 3272 consensu
457 3205 490 3269 in
512 3204 755 3286 possessionem
778 3203 913 3269 immissi
936 3215 1012 3270 sunt
1037 3206 1188 3271 doctores
1215 3215 1364 3288 regentes

277 3303 315 3368 ut
331 3303 412 3388 junii
431 3303 523 3380 1510,
542 3302 721 3384 placuitque
743 3303 782 3367 30
805 3303 948 3369 octobris
969 3303 1113 3386 eiusdem
1137 3305 1212 3369 1111
1234 3305 1365 3371 domum

278 3404 507 3469 Bicrbecanam
544 3402 674 3468 lovanii
714 3402 867 3484 deinceps
905 3403 1014 3468 vocari
1053 3403 1224 3486 collegium
1261 3405 1364 3470 sancti

280 3503 402 3567 liilarii.
432 3503 484 3567 Lis
509 3501 626 3568 deiude
648 3513 731 3567 mota
759 3511 808 3567 est
830 3517 847 3564 a
870 3501 1049 3568 Nicasiauis
1077 3501 1250 3585 religiosis;
1279 3520 1365 3569 nnnc

280 3603 383 3666 nostri
399 3601 531 3684 pacifica
548 3601 759 3682 possessione
774 3601 925 3682 gandent.

277 3787 303 3850 c)
323 3785 437 3838 Ectrcit
448 3789 496 3838 des
510 3784 600 3854 Opera
613 3783 791 3854 diplomatica
803 3790 838 3841 de
850 3785 978 3839 Mirans
990 3793 1017 3839 at
1029 3787 1156 3852 Foppens
1168 3787 1213 3859 (ll,
1229 3803 1255 3858 p.
1275 3785 1362 3856 1097).

320 3937 508 4002 Bierbacum
533 3948 625 4002 vetus
651 3947 701 4004 est
722 3938 899 4003 baronatus
919 3937 1109 4005 Brabantiac
1135 3941 1196 4006 snb
1221 3941 1364 4006 dominic

278 4035 371 4102 ducis
386 4037 590 4112 drachmani,
605 4045 636 4102 et
651 4053 752 4119 pagus
768 4037 919 4102 notabilis
937 4037 1039 4118 primo
1055 4038 1161 4119 lapide
1176 4057 1192 4102 a
1209 4039 1361 4106 lovanio.

279 4133 350 4200 ruit
364 4135 431 4201 illic
445 4136 583 4218 insignis
605 4135 682 4202 olim
697 4136 860 4219 prioratus
876 4138 909 4203 S.
925 4137 1050 4216 llilarii,
1066 4137 1361 4214 accuratiorem,
