3202 4948
640 477 824 539 -att-

182 656 282 730 cialis,
310 658 472 736 generalis
499 658 661 735 delinitor,
688 669 800 726 custos
822 663 1005 736 custodum,
1023 661 1180 728 Batavicis
1196 663 1270 727 mis·

184 754 329 820 sionibus
357 757 549 836 praefectus,
578 765 608 822 et
634 757 757 823 ordinis
781 761 831 825 sui
857 778 915 841 per
931 761 1131 826 Britannicas
1146 763 1269 826 insulas

185 855 427 920 commissarius
450 858 610 938 generalis
629 859 666 936 ll)
682 859 756 935 iuit3
774 869 869 940 atque
886 861 1001 925 borum
1018 862 1160 924 munium
1177 877 1269 926 occa-

185 954 274 1019 sione
290 955 342 1018 bis
357 955 540 1035 Hispaniam
553 956 642 1033 adiit,
660 957 779 1020 ltaliam
793 958 905 1033 semel,
922 968 1056 1024 vocatus
1072 960 1110 1023 ad
1129 959 1268 1024 universi

184 1053 306 1118 ordinis
323 1055 463 1131 comitia,
482 1055 653 1136 utrobique
668 1057 874 1123 scholasticis
890 1058 1160 1138 disputationibus
1180 1075 1270 1139 prae-

184 1152 249 1216 luit.
267 1153 471 1246 Germaniam
488 1155 562 1220 item
579 1155 761 1236 aliquoties,
777 1157 909 1221 Galliam
926 1157 1066 1237 denique
1081 1166 1113 1220 et
1124 1158 1268 1238 angliam

182 1250 341 1326 lustravit,
368 1252 485 1333 ubique
511 1254 674 1328 solertiae,
700 1255 889 1334 prudentiae
912 1273 950 1320 ac
973 1255 1169 1320 tortitudinis
1191 1272 1269 1320 suae

183 1351 315 1433 vestigia
333 1351 532 1432 relinquens,
547 1369 615 1417 eam
633 1354 674 1418 ob
688 1371 754 1418 rem
767 1355 845 1419 viris
859 1355 983 1436 magnis
998 1364 1104 1432 notus,
1119 1362 1270 1434 acceptus

181 1462 212 1517 et
226 1453 257 1516 in
275 1453 403 1516 bonore
425 1452 566 1517 habitus.
593 1455 617 1516 Α
641 1453 756 1518 Carolo
781 1454 819 1527 ll,
844 1455 1069 1534 Hispaniarum
1087 1471 1174 1536 rege.
1193 1453 1270 1516 nibil

183 1551 242 1616 tale
258 1551 419 1626 ambiens,
444 1551 483 1615 ad
507 1552 659 1634 lprenses
674 1553 793 1618 inlulas
809 1563 955 1627 vocatus,
974 1554 1090 1618 deinde
1107 1552 1270 1634 pontificio

183 1649 357 1730 diplomate
370 1649 771 1725 confirmatusurumuis,
785 1651 836 1715 ubi
848 1661 915 1716 tum
928 1652 1122 1726 morabatur,
1132 1651 1269 1716 solemni

185 1748 241 1812 ritu
259 1748 436 1828 episcopus
458 1757 668 1814 consecratur
689 1749 728 1812 dl
751 1749 894 1815 octobris
919 1750 1010 1824 terr,
1036 1750 1067 1813 in
1085 1750 1163 1815 aede
1179 1765 1270 1814 sacra

184 1846 417 1916 llinoritarum,
431 1847 470 1910 ab
495 1847 661 1927 Alpbonso
687 1848 727 1912 de
754 1847 899 1930 Bergbis,
925 1848 1146 1913 Mecbliniensi
1170 1847 1272 1912 archi·

182 1945 350 2026 episcopo.
379 1963 506 2010 manum
531 1947 757 2026 adjicientibus
779 1948 953 2013 Francisco
977 1951 1017 2014 de
1043 1948 1271 2022 Baillencourt,

183 2045 351 2126 brugensi,
366 2053 397 2108 ct
409 2045 584 2126 Reginaldo
598 2045 705 2122 Cools,
719 2047 945 2125 antverpiensi
960 2047 1136 2127 episcopis.
1154 2047 1272 2112 addic-

182 2154 229 2210 tae
245 2145 309 2208 sibi
337 2144 496 2210 ecclesiae
523 2146 764 2225 possessiouem
790 2147 868 2210 adiit
890 2147 1011 2211 mensis
1038 2146 1205 2228 sequentis
1221 2147 1273 2210 die

182 2245 243 2307 ab.
261 2244 407 2325 Cumque
422 2260 440 2308 a
457 2243 616 2325 praesule,
642 2262 736 2326 quem
753 2244 881 2310 doctum
899 2245 1096 2328 theologum,
1115 2246 1271 2309 disertum

182 2345 394 2410 ecclesiasten
422 2361 459 2408 ao
473 2343 752 2425 vigilantissimum
770 2343 932 2426 pastorem
956 2345 1166 2421 mirabantur,
1185 2345 1271 2409 laus·

182 2445 305 2508 tissima
336 2460 481 2525 quaeque
511 2444 571 2508 sibi
603 2443 755 2524 iprenses
786 2444 1027 2523 pollicerentur,
1060 2460 1224 2508 reversum
1254 2461 1271 2506 a

180 2543 365 2608 visitatione
395 2542 570 2608 Furnensis
607 2542 728 2624 oppidi,
760 2542 868 2606 invida
906 2559 994 2607 mors
1031 2543 1063 2604 in
1094 2542 1269 2624 episcopali

180 2642 295 2722 palatin
326 2642 458 2706 sustulit
479 2641 688 2723 sexagenario
712 2641 785 2722 plus
812 2641 942 2705 biennio
967 2641 1123 2705 minorem
1145 2646 1171 2720 (r
1192 2657 1270 2705 non·

179 2740 251 2804 dum
269 2741 399 2821 expleto
414 2741 468 2805 580
484 2741 596 2805 aetatis
614 2757 698 2806 alano
711 2763 740 2816 a,
760 2749 793 2805 ut
807 2740 924 2806 dicitur
947 2740 980 2803 in
1003 2740 1113 2820 Elopio
1135 2738 1269 2818 funebri.

178 2841 368 2920 Depositum
398 2841 429 2903 in
462 2841 566 2906 medio
597 2841 697 2906 choro
735 2839 892 2904 ecclesiae
925 2839 1121 2904 cathedralis
1156 2837 1271 2918 lugens

179 2938 325 3019 iprensis
342 2939 480 3004 ecclesia
496 2941 559 3005 boo
574 2939 736 3020 epitaphio
751 2938 975 3004 cohonestavit
993 2960 1000 3000 :
1021 2937 1056 3000 b.
1075 2934 1111 3001 0.
1128 2937 1168 3000 lt.
1189 2937 1195 3014 l
1215 2937 1271 3000 illc

177 3057 259 3103 snus
290 3057 341 3102 esr
360 3039 366 3110 l
385 3039 570 3102 Gurcratuus
602 3037 761 3120 Henrucxl
785 3055 941 3101 nrtscorus
968 3038 1128 3100 lananstuu
1159 3054 1270 3100 aunua-

178 3155 265 3201 cntus
295 3135 302 3220 Ι
332 3156 349 3200 a
379 3156 538 3202 senarium
568 3138 605 3202 D.
636 3138 792 3202 Fntnctsct
820 3155 936 3200 sturme
966 3135 971 3216 Ι
996 3154 1032 3198 na
1061 3154 1205 3200 vrnrurmt
1237 3154 1271 3200 ar

177 3254 352 3300 ouuruonau
380 3255 573 3301 snuurnonan
599 3236 605 3319 Ι
628 3255 665 3299 an
692 3253 746 3298 nas
774 3255 895 3299 turonas
921 3253 1099 3299 assumtus.
1122 3234 1126 3317 Ι
1146 3235 1270 3298 lixrums

177 3353 235 3398 rrnr
264 3353 359 3398 noras
384 3334 503 3398 Eunoen
522 3336 527 3416 l
547 3354 624 3406 quan
651 3353 727 3398 usuc
753 3353 854 3398 ouran
874 3335 879 3418 Ι
898 3353 957 3398 cua
980 3352 1132 3398 nnncrruo
1152 3350 1269 3398 onorius

176 3451 221 3497 sm
239 3451 362 3498 unauna
380 3435 386 3514 l
405 3453 508 3508 carun,
531 3453 589 3498 cun
612 3453 723 3498 rnucru
747 3451 846 3498 sausn
865 3437 870 3514 Ι
889 3452 993 3504 quinus
1008 3451 1180 3496 succurras
1197 3450 1269 3496 rcus

177 3551 285 3597 cannis
310 3551 426 3596 arram
450 3536 456 3614 Ι
481 3553 498 3596 a
527 3551 600 3596 sana
624 3551 852 3596 corcrnrlronn
875 3551 1059 3596 sracrtumn
1090 3551 1221 3596 rancun
1246 3529 1252 3615 Ι

177 3651 357 3697 accunnnnrr
388 3651 423 3696 ar
448 3652 503 3698 star
534 3651 712 3697 cnaruuanrr
742 3633 749 3716 Ι
778 3651 888 3696 rorum
919 3633 1036 3697 lnannsr
1067 3649 1220 3696 universo.
1245 3631 1251 3714 l

177 3731 294 3796 liturus
321 3751 373 3796 nsr
397 3751 443 3796 nur
471 3751 598 3797 racana.
626 3751 818 3798 sarraconis.
840 3733 845 3814 l
864 3735 946 3796 Auno
970 3751 1003 3796 ιι.
1026 3750 1074 3794 uc.
1102 3731 1253 3813 stavunl

174 3849 293 3896 nuruum
320 3849 429 3898 uuerco
452 3851 498 3896 sur
521 3851 725 3896 rounnoarus
749 3851 847 3898 nense
866 3851 986 3896 anarso.
1007 3830 1012 3915 Ι
1032 3832 1219 3903 Raournscrr
1239 3849 1270 3896 ut

209 4045 244 4118 (l)
263 4047 333 4102 Erat
355 4046 561 4102 commissarius
579 4045 728 4116 generalis,
744 4047 910 4118 Antrerpiae
933 4046 1062 4102 habitans
1089 4045 1122 4101 lo
1143 4044 1269 4116 januarii

178 4135 255 4198 toto,
279 4144 311 4192 ut
333 4141 411 4209 patet
432 4154 466 4191 ex
486 4138 685 4209 approbatione
708 4138 808 4209 operis,
833 4137 879 4193 cui
902 4138 1002 4193 titulus
1023 4156 1029 4192 :
1049 4137 1267 4207 Tepltcnoerpt'tt,

171 4227 313 4306 'Francisoi
330 4229 441 4284 Cauwe.
