3232 4942
719 493 758 503 -
777 456 905 530 111,-,

311 641 375 703 Vll.
400 638 519 704 Omnes
537 639 662 720 insigne
677 647 802 719 gerant,
820 656 883 720 quo
900 639 983 702 vitae
998 636 1114 704 litteris
1138 646 1168 704 et
1185 639 1357 706 virtutihus

269 746 489 816 consecratae,
506 738 570 804 imo
586 747 618 810 et
634 736 779 804 beneficii
796 754 813 802 1
830 737 975 820 principe
998 738 1143 818 protecti,
1160 737 1355 804 admonean-

271 847 335 903 lut.

311 987 386 1052 vtll.
414 989 552 1070 Legendi
580 997 612 1056 et
641 988 802 1054 scribendi
834 1007 892 1053 usu
924 988 954 1051 in
983 995 1186 1052 antecessum
1216 987 1355 1069 unisono

268 1088 444 1154 instructus
467 1089 533 1152 sit:
557 1087 720 1154 nominum
747 1087 981 1154 declinationes
1008 1086 1244 1168 verborumque
1271 1103 1348 1152 eorr-

263 1187 446 1269 jugationes
461 1187 589 1252 calleat.

308 1335 360 1398 111.
385 1335 442 1402 1111
459 1354 495 1401 se
518 1335 645 1418 linguae
668 1336 797 1402 Latinae
820 1352 934 1402 omncs
959 1335 1153 1416 mancipent,
1170 1335 1347 1416 quotidiani

264 1436 425 1500 sermonis
453 1436 607 1501 tormntas
636 1435 820 1511 addiscant;
854 1437 972 1502 Romae
1002 1445 1035 1502 et
1063 1436 1126 1500 alio
1156 1435 1287 1501 saeculo
1314 1452 1351 1500 se

266 1533 374 1599 vivere
389 1533 596 1598 arbitrentur.

308 1685 346 1747 11.
370 1683 434 1748 th
458 1684 618 1764 praelecto
639 1684 704 1750 duo
721 1693 947 1766 praeceptores
965 1683 1035 1748 sire
1057 1681 1232 1764 paedagogi
1254 1681 1346 1746 si'nt:

265 1783 347 1848 atter
374 1800 509 1858 morum,
527 1785 608 1850 atter
623 1783 811 1859 litterarum,
831 1795 963 1866 uterqne
980 1783 1121 1848 latinus.
1144 1781 1202 1848 llic
1225 1799 1348 1848 morum
1430 1829 1431 1834 ,

265 1899 282 1946 a
299 1891 459 1958 curatore,
477 1881 529 1948 hic
544 1883 720 1948 litterarum
736 1899 754 1946 a
771 1884 931 1964 praelecto
946 1882 1172 1948 constituatur.

305 2033 359 2096 lll.
385 2034 568 2099 Praefectus
598 2050 690 2100 usum
721 2033 848 2114 linguae
877 2032 1049 2108 ordinabit,
1077 2039 1108 2096 et
1135 2029 1347 2095 institutionis

265 2132 397 2195 termam
415 2132 571 2208 instituet,
588 2149 682 2214 quam
701 2131 874 2214 paedagogi
890 2139 1076 2214 sequantur.

303 2279 373 2344 1111.
400 2281 478 2345 Urna
493 2297 675 2346 sermonem
692 2279 832 2356 habehit,
849 2288 881 2346 et
894 2279 1004 2345 stilum
1022 2299 1029 2344 :

300 2427 384 2492 lllll.
407 2429 519 2496 Sermo
542 2430 666 2496 incitem
691 2447 811 2502 curam,
829 2439 861 2495 et
882 2429 1060 2512 elegantem
1082 2427 1341 2492 lamiliaritatem.

301 2575 379 2638 11111.
404 2575 504 2640 Stilus
527 2577 705 2643 imitatione
730 2579 887 2643 honorum
916 2579 1112 2660 scriptorum
1139 2547 1343 2642 formabitur.

298 2721 362 2785 XV.
379 2722 452 2797 Sed,
472 2739 511 2787 ne
528 2723 632 2788 raudus
648 2726 779 2790 omnino
796 2734 828 2791 et
842 2726 967 2791 otiosus
989 2726 1030 2790 sit
1046 2745 1133 2804 nans,
1150 2724 1340 2790 brevissima

255 2831 287 2888 et
304 2822 428 2903 linguae
444 2833 477 2886 et
491 2822 649 2887 orationis
665 2832 834 2906 praecepta
852 2825 1015 2890 accedent.
1035 2825 1185 2908 Linguae,
1203 2840 1285 2907 quae
1301 2825 1340 2887 111

254 2921 494 3002 grammaticam
512 2921 632 2988 iaciunt
650 2945 657 2985 :
676 2924 843 3000 orationis,
861 2943 943 3007 quae
960 2927 997 2989 ad
1015 2924 1221 2990 rhetoricam.

295 3067 374 3132 llvl.
401 3069 929 3152 1111111111,111111111111111
955 3074 1048 3138 tertio
1071 3089 1168 3150 atino,
1188 3089 1341 3155 compen·

253 3167 366 3232 diosac
382 3168 539 3233 lectiones
556 3170 717 3252 physicae,
735 3179 766 3236 et
786 3172 881 3236 simul
906 3175 1101 3248 matheseos,
1119 3173 1339 3250 historiarum,

253 3267 376 3333 ethicae
392 3277 424 3333 ct
440 3267 601 3349 politicae,
618 3278 650 3335 et
665 3271 801 3336 seorsim
819 3273 864 3336 rei
882 3271 1040 3337 militaris.

293 3413 388 3478 xvtt.
407 3415 442 3479 [it
457 3416 531 3497 qnia
547 3415 695 3483 diffusior
710 3419 843 3484 historia
859 3429 920 3497 est,
939 3421 1019 3486 haec
1043 3439 1100 3502 per
1123 3430 1230 3502 partes
1252 3421 1323 3486 exhi

252 3513 354 3577 hertda
380 3537 386 3576 :
412 3531 503 3580 sacra
526 3527 558 3580 et
582 3517 725 3597 prolana.
745 3517 828 3584 llaec
852 3521 967 3584 iterum
987 3520 1038 3586 vel
1054 3519 1186 3597 Graeca,
1203 3520 1253 3585 vel
1274 3520 1337 3586 llo-

251 3627 355 3689 mara,
371 3614 420 3677 vel
438 3613 583 3679 barbara.
597 3615 727 3680 Sacram
744 3617 906 3700 Sulpicius
918 3622 1057 3685 Severus
1069 3619 1167 3694 dabit,
1181 3619 1335 3684 Graecam

247 3711 404 3786 lustinus,
421 3713 593 3778 itomanam
608 3714 733 3795 Florus,
748 3717 912 3784 barbaram
930 3719 1058 3783 Pntcnni
1071 3721 1260 3802 ineptiores
1273 3719 1310 3800 (1)
1325 3741 1333 3782 :

250 3819 283 3874 ut
298 3809 400 3876 abhis
415 3812 582 3878 breviariis
598 3815 647 3878 ria
662 3816 700 3878 ad
717 3832 830 3882 omnes
847 3818 998 3884 historias
1013 3820 1186 3902 aperiatur.

282 4023 423 4096 (i)chcz
447 4026 571 4092 Phanou,
587 4029 744 4100 Memctrea,
765 4031 809 4088 ed.
834 4033 937 4100 in·lol.,
963 4035 1011 4098 lit,
1037 4053 1064 4107 p.
1088 4035 1136 4099 96,
1160 4043 1192 4091 n⁰
1211 4037 1258 4094 tt.
1284 4037 1334 4093 Cel

245 4126 363 4184 ouvrage
383 4121 460 4186 porte
481 4119 507 4173 lo
527 4119 591 4175 titre
610 4121 644 4174 tle
660 4140 666 4174 :
682 4122 814 4178 Historiae
833 4123 987 4181 lacunae
1005 4130 1070 4180 libr-i
1087 4143 1146 4192 sear,
1164 4133 1213 4196 qni
1233 4129 1332 4196 Irrup-

243 4210 327 4260 ttoncs
341 4209 527 4262 barbarorum
541 4215 572 4262 in
586 4207 702 4266 Italiam
715 4220 868 4271 mannent.
1124 4229 1127 4232 “
