3158 4952
662 456 844 522 -335-

204 625 313 690 dinum
336 639 368 692 et
381 631 466 709 juris
488 644 563 700 sont
578 637 783 716 peritissimi:
809 655 839 708 et
856 644 886 706 bi
903 644 1023 726 jactum
1051 649 1192 712 lacerent
1209 649 1295 711 inve·

206 724 313 788 aiendi
330 727 405 792 boni
421 741 454 794 et
466 730 544 812 J'asli
560 745 745 804 contractus
763 744 862 806 mutui
875 744 970 808 dandi
986 756 1017 809 et
1030 746 1174 826 ejusdem
1192 749 1293 812 mutui

205 823 352 932 faciende
367 829 542 896 solutionis
558 836 748 912 perdicium
766 856 928 922 regentem
945 843 976 906 in
993 845 1129 910 Falcone
1144 857 1198 909 aut
1214 862 1293 914 suos

207 919 435 1002 fideiussores:
462 947 518 1006 per
532 947 625 1011 ouem
646 947 845 1002 contractum
863 941 904 1005 sit
929 941 1010 1006 bene
1027 944 1202 1022 provisum,
1221 962 1294 1025 pro·

205 1031 353 1129 spectum
376 1036 407 1088 et
422 1037 549 1092 cautum
565 1030 605 1094 de
621 1035 793 1100 securitate
816 1049 847 1100 et
865 1040 1094 1122 indempnitate
1110 1042 1170 1124 ipsi
1195 1043 1292 1108 lacul-

206 1127 273 1192 tatr,
291 1122 370 1186 citra
388 1134 492 1190 tamen
517 1130 675 1196 lacultatis
690 1147 851 1216 sumptus,
869 1139 1040 1219 dampnum
1064 1151 1095 1205 et
1114 1142 1291 1206 incommo-

206 1219 295 1299 dum,
309 1224 467 1303 iacturam
482 1241 536 1293 aut
553 1232 652 1296 rrllum
668 1235 890 1315 dispendium:
909 1249 941 1302 et
955 1240 1039 1320 qued
1058 1249 1134 1303 tunc
1151 1251 1293 1305 mutuam

207 1326 261 1390 liat
283 1331 464 1393 seeundum
489 1331 575 1396 vires
599 1334 757 1398 lbcultatis
781 1353 839 1414 pro
854 1338 1078 1416 deputatorum
1104 1341 1187 1403 bono
1211 1341 1295 1403 arbi-

205 1430 279 1493 trio.
298 1433 390 1503 bern,
405 1428 470 1503 Vll,
489 1431 543 1494 lol.
560 1430 621 1492 236
637 1433 742 1495 rra-237
759 1444 798 1496 r0.

249 1608 305 1670 liic
328 1607 447 1680 mortis,
470 1606 528 1667 cic
542 1605 684 1685 jnrtuarit'
708 1602 798 1678 1546,
822 1604 940 1668 indicta
963 1605 1168 1684 deputatione
1192 1605 1293 1668 lacul-

206 1704 282 1772 tatls
299 1720 356 1783 per
368 1703 597 1784 juramentum,
611 1705 797 1770 convocatis
811 1705 906 1769 etlam
922 1721 980 1784 per
991 1705 1233 1768 conclusionem
1249 1701 1292 1766 la·

206 1807 336 1872 collatis
360 1808 440 1886 ipsis
463 1806 697 1870 commissariis
720 1807 750 1870 ln
776 1806 904 1886 negotio
927 1805 1069 1885 regentis
1094 1805 1125 1866 in
1143 1803 1292 1878 Falcone,

208 1916 241 1972 at
268 1907 500 1986 procederent,
527 1907 666 1970 exbibtta
695 1906 753 1969 luit
779 1905 810 1968 in
836 1906 968 1984 scriptis
995 1904 1186 1984 supplicatio
1214 1920 1295 1967 nova

207 2007 348 2085 regentis
372 2007 403 2068 in
420 2005 568 2079 Falcone,
586 2005 617 2066 in
633 2021 694 2084 qua
711 2004 894 2070 declarabat
917 2006 1144 2084 pretermissos
1161 2004 1294 2068 luissea

205 2105 367 2186 deputaris
384 2105 490 2168 varios
514 2104 659 2168 medusa
675 2119 750 2168 sese
767 2104 951 2184 propositos
975 2120 1033 2182 pru
1048 2101 1296 2172 conservatione

205 2205 372 2284 pedagogii
388 2203 553 2275 Falconis;
570 2203 610 2264 ad
627 2219 723 2265 unum
737 2213 840 2265 tantan
859 2204 987 2266 modum
1005 2203 1079 2266 illos
1091 2202 1292 2282 eorrlugisse.

204 2304 331 2368 scilieet
355 2313 388 2366 ut
403 2302 629 2366 subveniretur
653 2318 709 2381 per
725 2303 806 2364 riam
832 2305 929 2366 ntotui
952 2302 1012 2381 ipsi
1036 2303 1158 2382 regenti
1185 2310 1294 2382 parato

203 2405 395 2470 continuare
417 2419 508 2466 suam
532 2403 720 2482 ragennam.
745 2403 831 2466 salva
854 2403 1002 2468 cautione
1030 2401 1127 2476 lideli,
1152 2403 1235 2465 bona
1266 2409 1298 2476 el

205 2521 340 2576 srenra3
359 2521 417 2584 pro
429 2521 490 2586 apua
507 2505 722 2570 subventione
737 2505 807 2585 ipse
820 2520 935 2585 regens
950 2514 982 2568 et
999 2505 1137 2567 facultati
1153 2512 1184 2568 ct
1196 2504 1295 2583 depu-

206 2606 282 2670 tans
297 2605 413 2685 agebat
429 2604 603 2668 immensas
618 2605 748 2684 gratias,
767 2614 977 2684 protestatus,
995 2615 1048 2668 aut
1064 2606 1177 2669 saltem
1197 2605 1297 2685 signi·

207 2704 311 2768 beans
337 2705 425 2767 illum
453 2707 582 2770 modum
607 2705 830 2770 subventionis
858 2721 914 2784 per
941 2716 1083 2769 tlttllulltn
1106 2723 1123 2767 a
1148 2706 1297 2768 facultate

204 2804 267 2868 sibi
293 2820 370 2867 esse
397 2803 642 2885 impossibilem,
673 2806 733 2868 nisi
762 2805 893 2868 tacultas
921 2796 1063 2868 mutuum
1091 2805 1145 2867 det
1172 2821 1297 2868 summe

206 2903 293 2968 mille
310 2903 558 2984 ruirrgentorum
574 2905 790 2968 carolinorum
808 2916 874 2977 aut,
890 2915 923 2969 ut
939 2905 1117 2978 minimum,
1134 2904 1220 2968 mille
1237 2914 1298 2968 tre-

204 3013 386 3074 centorum,
404 3014 510 3083 preter
527 3013 634 3066 mutua
659 3005 718 3068 sibi
737 3006 825 3085 prius
850 3005 921 3068 data
937 3004 1056 3077 omnia,
1074 3006 1168 3067 eliam
1190 3012 1297 3082 preter

205 3102 436 3182 quinquaginta
450 3119 605 3167 renenses
619 3105 775 3168 moderno
788 3105 945 3184 receptori
959 3105 1064 3168 adbuc
1076 3103 1215 3167 debitos.
1229 3102 1296 3178 Qua

207 3217 270 3264 non
292 3199 442 3264 obstante
464 3202 562 3264 animi
585 3202 633 3265 sui
657 3201 904 3282 significatione,
930 3203 999 3282 ipsc
1021 3202 1234 3266 vicedecanus
1257 3203 1296 3264 ad

206 3303 325 3383 negotii
349 3303 586 3369 absolutionem
610 3307 785 3384 procedere
809 3308 955 3386 cupiens,
974 3305 1034 3370 sibi
1057 3316 1088 3370 et
1107 3305 1179 3368 aliis
1197 3305 1297 3385 depo·

207 3403 282 3465 tatis
298 3418 372 3465 cum
388 3403 620 3467 commissoriis
644 3405 727 3468 datis
743 3407 919 3470 secundom
936 3406 1178 3470 conclusionem
1200 3405 1298 3468 lacul-

207 3503 283 3564 tatis
298 3501 478 3576 commissi,
497 3503 526 3564 in
545 3504 795 3569 deliberationes
810 3506 1034 3585 deputatorum
1052 3504 1082 3568 ld
1100 3503 1218 3584 negotii
1238 3513 1298 3566 tra·

205 3600 298 3665 didit.
317 3599 363 3663 Ex
378 3619 513 3682 quorum
537 3604 586 3666 vel
604 3605 716 3667 saltem
734 3605 871 3684 plurium
895 3604 1059 3685 suffragiis
1076 3601 1238 3667 conclusit
1259 3603 1297 3675 lsi

207 3699 304 3764 modo
319 3699 352 3760 in
370 3709 431 3762 tam
447 3701 548 3765 arduo
572 3703 699 3781 negotio
715 3703 909 3766 concludere
927 3704 1050 3782 possit),
1067 3706 1122 3780 [ut]
1145 3699 1295 3767 subveni-

208 3810 296 3864 retur
322 3803 444 3882 regenti
469 3802 616 3866 Falconis
639 3803 798 3884 perviam
822 3805 920 3869 mutui
943 3821 960 3868 a
984 3805 1133 3870 l'acultate
1155 3805 1193 3867 ad
1218 3819 1297 3868 suos

206 3901 387 3965 creditores
404 3902 561 3977 tradendi,
579 3913 633 3966 aut
647 3919 720 3968 cum
744 3904 807 3968 illis
822 3916 911 3969 certo
926 3905 1042 3986 quovis
1061 3906 1156 3969 modo
1179 3905 1296 3968 transi·

206 4000 302 4080 gcudi
319 4009 352 4065 et
367 4003 593 4077 conveniendi,
609 4004 763 4086 usquead
783 4021 940 4068 summam
958 4016 1193 4086 nongentorum
1206 4021 1294 4070 earo·

208 4097 358 4175 liborum,
373 4099 497 4164 inclusa
510 4117 633 4166 summa
646 4104 812 4184 sexaginta
825 4113 878 4169 aut
890 4105 1091 4185 septuaginta
1105 4104 1176 4184 plus
1190 4103 1295 4168 minus

206 4199 423 4264 carolinorum
452 4201 607 4284 moderno
634 4205 792 4283 receptori
819 4203 1023 4277 debitorum,
1052 4205 1140 4268 salva
1167 4219 1296 4284 semper
