3222 4950
746 469 928 532 -436-

294 658 388 722 quam
416 659 519 724 nuper
541 645 700 711 edidimus
727 649 758 712 in
783 650 966 731 Biopruphie
988 650 1194 713 trotionalcde
1221 649 1375 731 licinique,

293 739 346 813 lll,
365 741 427 806 col.
445 741 591 808 366369.

334 841 384 903 11.
401 843 550 923 Aepidins
578 847 777 928 llouwelyex,
794 849 843 912 rel
871 847 1062 920 llunulinca,
1077 848 1252 929 bugianus,
1270 848 1376 928 capel·

290 940 382 1004 lanus
394 940 425 1004 in
439 943 508 1006 lscn
521 946 689 1024 superiore
701 957 732 1010 et
744 947 896 1011 inferiore
910 947 1106 1028 (Ouerpssulre
1118 958 1148 1012 et
1166 947 1374 1027 Neerpssche),

291 1038 460 1104 defunctus
475 1043 494 1106 6
510 1046 635 1124 augusti
662 1046 754 1118 1556,
780 1046 916 1110 inodarit
933 1047 964 1108 in
990 1046 1125 1110 Falcone
1153 1046 1268 1109 bursus
1291 1045 1373 1110 duas

290 1139 471 1204 octodecim
498 1141 710 1208 florenorum:
728 1145 860 1208 alteram
885 1163 943 1225 pro
965 1144 1226 1226 consanguineis,
1244 1144 1374 1209 alteram

292 1253 351 1316 pro
364 1237 488 1304 lscanis
503 1242 552 1306 vel
570 1244 652 1307 natis
666 1244 695 1306 in
710 1244 860 1318 Rosiere3
874 1245 990 1324 unibus
1004 1243 1034 1307 bi
1048 1245 1141 1308 etiam
1155 1244 1375 1324 quinquennio

293 1347 365 1415 post
383 1338 617 1419 philosophiam
632 1343 773 1422 gaudere
789 1353 936 1422 possunt.
954 1343 1015 1408 Sed
1032 1342 1186 1406 obstitere
1206 1341 1374 1408 ltauredes

292 1451 330 1498 eo
347 1437 432 1516 qnod
457 1439 622 1502 translatio
639 1439 809 1516 bonorum,
827 1442 900 1503 vivo
917 1441 1096 1514 fundatore,
1112 1441 1191 1503 tincta
1210 1457 1270 1502 non
1288 1451 1376 1503 esset

291 1534 500 1600 conformiter
517 1537 659 1604 moribus
676 1539 871 1605 hannoniae.

335 1667 384 1731 16.
403 1671 588 1734 Francisuns
613 1674 657 1735 lle
677 1675 782 1749 Sane,
806 1674 1035 1746 Bruxeliensis,
1062 1689 1172 1737 sacrae
1196 1672 1376 1751 theologiae

292 1765 485 1840 licentiatus,
502 1772 678 1835 canonicus
694 1772 946 1846 Carneracensis,
964 1773 1044 1836 obiit
1059 1789 1143 1836 atrito
1159 1771 1251 1834 loon.
1268 1771 1376 1834 Testa·

292 1875 398 1929 mento
425 1869 554 1932 condito
581 1885 665 1934 antro
683 1871 774 1946 1560,
803 1882 875 1951 post
896 1872 1051 1952 quaedam
1070 1871 1183 1950 legata,
1211 1869 1375 1933 residuum

293 1962 450 2028 bonorum
477 1968 622 2032 voluerat
648 1968 677 2030 in
704 1979 770 2032 tres
797 1981 904 2049 partes
927 1969 1037 2044 dividi,
1055 1978 1087 2034 et
1114 1985 1228 2032 nonum
1255 1975 1375 2049 partem

293 2062 466 2142 reliquerat
494 2082 584 2145 apto
610 2069 803 2148 pauperibus
829 2069 956 2132 clericis
981 2069 1012 2130 in
1040 2067 1253 2132 Universilnle
1280 2068 1378 2130 hova·

295 2160 398 2224 niensi
415 2164 619 2230 studentibus
636 2189 665 2228 ».
683 2167 878 2232 Enecutores
894 2184 971 2232 vero
993 2185 1031 2232 ex
1048 2167 1102 2232 illo
1120 2165 1249 2231 residuo
1265 2164 1376 2228 lunda-

291 2251 368 2324 ¹runt
391 2261 420 2323 in
445 2262 582 2329 Falcone
604 2266 685 2330 duas
708 2265 823 2330 bursus
849 2267 885 2330 at
904 2266 1111 2339 llorenorum,
1130 2263 1215 2330 6125
1234 2263 1377 2328 llorenos

293 2373 418 2424 annuos
435 2378 564 2428 mensae
580 2364 682 2428 sancti
699 2364 848 2444 Spiritus.

335 2483 350 2516 n
369 2457 455 2535 Vide,
473 2459 517 2526 ait
531 2462 677 2528 Valerius
693 2467 848 2538 huldreus,
866 2470 943 2530 Acta
960 2463 1182 2530 Universitatis
1202 2461 1240 2526 ad
1258 2477 1376 2526 annum

294 2557 385 2632 1573,
404 2559 455 2624 die
470 2561 509 2623 30
527 2563 631 2626 martii
650 2585 677 2626 a.

336 2691 385 2754 13.
402 2695 538 2759 ioannes
554 2695 741 2777 Blocqaerie,
760 2700 889 2776 praetor
904 2697 934 2759 in
953 2696 1172 2776 linysbroeck,
1187 2701 1379 2760 testamento

294 2791 420 2873 reliquit
437 2793 630 2874 pauperibus
649 2795 875 2860 Universitatis
899 2796 1034 2859 reditum
1052 2811 1149 2858 unum
1173 2793 1224 2865 60,
1242 2793 1378 2856 alterum

293 2889 334 2955 51)
364 2891 572 2960 llorenorum.
605 2895 735 2966 naeres,
776 2894 966 2959 domicellus
1005 2893 1185 2957 bodonicus
1221 2890 1377 2960 corbeon,

292 2991 409 3056 obtulit
433 2995 643 3060 amicabiliter
667 2994 706 3058 50
729 2995 871 3060 llorenos
898 3011 956 3073 pro
978 2991 1102 3056 duabus
1128 2990 1247 3062 bursis.
1269 2988 1321 3051 bic
1346 2985 1379 3049 in

293 3087 431 3157 Falcone
457 3094 675 3173 possidendis,
694 3103 724 3156 et
751 3102 880 3156 centnm
907 3092 1007 3156 semel
1033 3107 1091 3171 pro
1114 3087 1297 3168 sumptibus
1323 3101 1381 3165 per

294 3189 538 3258 Universitatem
555 3191 657 3267 laetis,
675 3193 788 3274 sicque
804 3193 889 3255 mille
905 3191 1046 3254 ilorenos
1066 3189 1165 3254 semel
1183 3203 1266 3249 annm
1283 3183 1377 3260 tsot,

295 3300 421 3356 rectore
435 3291 555 3356 Jacobo
570 3292 733 3356 Valentio.

336 3425 386 3488 tl.
405 3427 515 3490 Petrus
537 3428 711 3498 Freraertc,
735 3442 774 3490 ex
800 3424 912 3498 lleeze,
939 3433 1048 3502 pastor
1072 3421 1102 3484 in
1126 3420 1309 3501 ilijthoren,
1326 3418 1382 3483 dc-

294 3524 423 3588 lunctus
439 3541 523 3588 anno
540 3525 632 3599 1561,
650 3533 842 3590 testamento
861 3521 974 3586 eodem
992 3537 1088 3592 anno,
1112 3522 1145 3584 15
1161 3518 1284 3599 aprilis
1302 3533 1382 3582 con-

293 3621 373 3696 dito,
398 3623 483 3686 varia
510 3623 638 3704 reliquit
663 3622 796 3686 arbitrio
821 3630 1028 3686 executurum
1053 3635 1199 3690 suornm,
1225 3618 1277 3697 qni
1305 3615 1380 3678 hinc

296 3721 468 3786 fundarunt
483 3721 564 3786 duas
580 3723 697 3787 bursas
713 3721 745 3784 in
762 3719 912 3785 Falcone.

337 3853 387 3914 15.
418 3855 521 3918 Murio
558 3853 601 3917 lle
634 3854 779 3924 Villcnze,
811 3859 904 3916 antea
935 3859 1031 3930 nupta
1062 3847 1224 3912 ludovico
1256 3843 1380 3920 Frario,

296 3951 440 4026 Albensi,
458 3953 650 4035 hntverpiae
672 3953 820 4016 babitans
843 3951 874 4014 in
898 3950 947 4013 via
978 3961 1127 4013 caesarea
1150 3947 1385 4024 (Keizerstruat)

294 4051 461 4118 constitnit
485 4069 570 4118 anno
595 4049 674 4117 1565
690 4053 804 4116 bursas
830 4051 923 4125 duas,
940 4048 1084 4128 singulas
1107 4045 1147 4109 36
1170 4045 1382 4117 llorenorum,

297 4151 355 4216 sed
370 4151 508 4218 decursu
525 4152 680 4232 temporis
696 4151 890 4223 imminutas,
908 4149 1040 4212 alteram
1063 4145 1211 4210 studioso
1236 4143 1381 4225 pbiloso-

300 4249 402 4330 phiae,
421 4260 494 4330 post
519 4250 716 4331 theologiam
744 4247 876 4313 alteram
892 4247 967 4311 item
984 4243 1219 4326 philosophiae,
1235 4241 1293 4307 sed
1308 4237 1385 4305 dein
