3130 4956
639 397 827 467 4969-

175 585 208 648 16
217 582 521 665 professoremhitli
534 586 1269 662 assumeretur,successurushudouicollers·

178 700 272 748 mans
285 685 325 748 19
341 683 534 765 septembris
550 684 641 748 1661.
654 684 766 750 Postea
780 686 882 750 lactus
897 695 947 751 est
958 702 1069 752 sacrae
1085 687 1267 769 theologiae

176 783 374 858 licentiatus,
390 791 422 848 et
447 799 558 848 mense
579 784 753 862 septembri
776 784 856 848 1669
879 801 1011 866 praeses
1035 785 1162 868 collegii
1188 787 1265 850 blal-

179 881 323 956 deriani;
340 882 472 962 insuper
487 891 557 945 erat
574 881 726 946 hiberum
750 882 955 947 Dominarum
987 883 1115 948 hovanii
1145 893 1264 950 rector.

180 980 267 1044 Obiit
282 980 414 1061 1916611
430 981 522 1044 1613.
542 981 617 1044 Vide
633 981 716 1045 iuter
731 982 897 1061 praesides
919 981 1046 1062 collegii
1063 981 1265 1048 llalderiani.

221 1113 296 1178 136.
313 1113 480 1177 Consanus
492 1113 579 1185 Faus,
593 1113 823 1189 Bruxeliensis,
836 1113 922 1178 lilius
934 1113 1097 1178 Francisci
1114 1122 1145 1179 et
1157 1113 1268 1182 Annae

179 1214 258 1290 (Bax
273 1213 352 1278 dicit
365 1237 373 1276 :
386 1215 515 1290 Mariae)
532 1213 737 1287 Quisthoudt,
751 1229 880 1292 operam
899 1212 1122 1294 philosophiae
1139 1215 1266 1280 navavit

179 1313 211 1374 in
242 1311 410 1394 gymnasio
435 1311 584 1376 Falconis
607 1320 639 1376 et
660 1327 745 1375 anno
772 1309 851 1374 1631
883 1310 1059 1390 principem
1087 1311 1265 1378 inertibus

179 1411 287 1475 locum
301 1410 384 1474 inter
399 1409 459 1472 101
475 1409 708 1490 magistrandcs
724 1409 858 1488 adeptus
874 1418 934 1482 est,
952 1425 1035 1472 anno
1051 1410 1163 1474 aetatis
1186 1427 1265 1476 suae

178 1508 307 1574 decimo
329 1517 455 1572 octavo.
475 1509 545 1572 Mox
567 1507 749 1586 adscriptus
769 1507 852 1570 inter
871 1507 1019 1572 alumnos
1045 1507 1176 1588 majoris
1198 1509 1265 1575 col·

180 1606 254 1688 legii
271 1607 375 1671 sancti
391 1605 527 1687 Spiritus
540 1605 720 1688 theologiae
732 1603 1024 1686 incubuit,jamque
1036 1605 1265 1672 baccalaureus

181 1709 338 1771 formatus
351 1705 496 1771 eamdem
512 1705 620 1770 docuit
632 1705 662 1767 in
676 1703 800 1768 abbatia
813 1703 1072 1785 hhlighemensi;
1090 1705 1265 1770 bovarrium

180 1813 365 1881 revocatus,
384 1803 518 1886 Aegidio
540 1803 580 1868 de
601 1788 739 1866 brabant
762 1811 951 1882 surrogatus
974 1802 1032 1865 1611
1054 1819 1163 1868 mense
1182 1804 1263 1885 julio

181 1904 255 1967 1661
276 1904 309 1966 16
326 1901 518 1968 secundaria
534 1901 755 1982 philosophica
774 1901 841 1963 tilii
862 1900 1075 1979 professione,
1096 1910 1128 1966 et
1146 1903 1179 1965 in
1200 1904 1264 1984 pri·

181 2003 259 2066 mari
275 2001 406 2083 quidem
430 2002 526 2065 Petro
549 2000 699 2063 Damman
720 2015 804 2063 anno
825 1999 915 2074 1611,
940 1998 1126 2079 designatus
1143 2001 1264 2066 interea

180 2101 356 2165 canonicus
369 2098 563 2164 cathedralis
576 2098 788 2162 Tornacensis
802 2095 1264 2177 66666616116166666666166

179 2199 361 2280 theologiae
385 2197 513 2262 licentia
535 2197 717 2261 decoratus.
735 2195 886 2269 Subinde,
902 2194 1118 2260 nominatione
1138 2197 1217 2262 lac-la
1233 2197 1262 2262 vi

180 2298 422 2378 privilegiorum
436 2296 594 2360 facultatis
611 2297 739 2370 artium,
754 2295 792 2358 18
808 2293 988 2358 decembris
1004 2293 1084 2358 1613
1107 2297 1264 2361 ecclcsiae

179 2397 374 2462 cathedralis
396 2395 586 2461 Leodiensis
608 2395 792 2458 canonicus.
818 2393 957 2458 Dimisso
976 2394 1205 2474 professoratu,
1225 2414 1263 2462 eo

182 2495 330 2576 migravit
351 2495 465 2560 eodem
492 2509 624 2568 mense;
649 2509 686 2557 ac
713 2501 823 2573 postea
850 2492 967 2556 ibidem
995 2493 1188 2558 constitutus
1208 2495 1266 2559 1611

180 2593 341 2669 officialis,
359 2593 558 2658 examinator
578 2592 753 2673 synodalis,
774 2592 900 2655 demum
924 2599 956 2655 et
975 2592 1118 2672 episcopi
1133 2593 1265 2658 loannis

182 2692 334 2757 ludovici
351 2693 392 2756 ab
406 2691 542 2757 Elderen
558 2691 694 2756 vicarius
709 2690 882 2772 generalis.

226 2816 240 2852 n
259 2791 438 2858 celsissimi
455 2791 609 2871 principis
631 2789 762 2871 Josephi
778 2789 949 2853 Clementis
968 2789 1091 2864 Bavari,
1109 2784 1263 2857 Leodien-

182 2892 229 2956 sis
244 2891 404 2972 episcopi,
424 2889 468 2953 ait
490 2891 565 2966 Bax,
589 2888 728 2952 vicarius
749 2887 909 2969 generalis
931 2887 962 2951 in
986 2887 1204 2969 spiritualibus
1226 2907 1264 2955 ac

181 2989 465 3055 coadministrator
486 2987 645 3052 dioecesis
668 2986 868 3052 Leodiensis.
887 2985 940 3050 Vir
956 2986 1145 3066 disciplinae
1161 2989 1264 3054 cocle·

181 3089 332 3153 siasticae
347 3086 654 3152 observantissimus
673 3093 703 3150 et
719 3085 750 3148 in
768 3085 893 3166 fastigio
910 3084 1071 3166 dignitatis
1088 3087 1265 3153 humilitate

180 3187 350 3261 dimissus,
367 3185 476 3250 relicta
498 3184 685 3249 fundatione
707 3183 738 3247 in
762 3183 853 3258 bilin,
874 3185 1101 3264 sexagenarius
1123 3185 1266 3271 decessit

181 3289 219 3351 11
236 3287 311 3368 maji
328 3287 454 3350 1691.»
1112 3286 1116 3300 ·

223 3387 336 3450 Frater
357 3383 427 3464 elus
448 3387 584 3450 loannes
605 3386 687 3448 Fara
707 3382 822 3447 citatur
837 3382 856 3444 1
873 3382 975 3444 martii
992 3384 1205 3463 1661661616
1222 3386 1265 3450 Le

182 3486 301 3562 Noirei,
328 3492 361 3548 et
386 3484 425 3547 16
452 3483 556 3547 martii
582 3482 724 3562 eiusdem
748 3482 821 3544 6661
844 3485 961 3558 (coram
979 3483 1119 3560 eodem);
1134 3483 1266 3566 insuper

182 3581 362 3663 allegantur
376 3583 486 3644 Petrus
500 3588 527 3645 ct
542 3584 633 3645 Anna
646 3584 739 3656 Fcea,
757 3598 868 3645 eorum
886 3591 1018 3661 patruus
1034 3591 1065 3646 61
1079 3583 1185 3646 amita.

224 3711 296 3776 131.
315 3713 431 3776 Parrus
454 3713 590 3791 1166666,
613 3711 919 3792 Winocibergensis,
949 3721 1041 3777 natus
1063 3730 1147 3778 anno
1170 3713 1262 3790 1631,

181 3819 294 3877 sextus
316 3811 348 3874 ln
371 3811 482 3876 schola
505 3813 618 3877 artium
646 3829 684 3877 cx
707 3811 901 3892 paedagogio
925 3809 1264 3888 1111666166661661,

183 3921 249 3975 lum
278 3909 432 3975 brintiani
464 3911 591 3993 collegii
621 3911 681 3976 sub
711 3909 869 3974 avunculo
899 3927 959 3974 suo
989 3910 1142 3976 halduino
1172 3911 1267 3978 Feutz

161 4093 166 4102 ,
182 4011 345 4085 alumnus,
363 4011 554 4091 expletoque
570 4009 734 4084 sexennio,
746 4025 857 4074 sacrae
872 4007 1053 4090 theologiae
1071 4010 1265 4084 licentiatus,

184 4111 224 4172 ad
239 4108 351 4175 lilium
365 4119 534 4178 revocatur
545 4111 564 4173 6
572 4109 709 4190 januarii
726 4110 806 4173 1668
823 4109 1057 4190 philosophiam
1074 4111 1266 4187 traditarus;

271 4244 310 4288 tv.
1149 4225 1186 4292 18
