3222 4950
676 427 863 491 -ttl-

225 617 309 676 tusta
332 617 364 675 et
379 609 411 672 in
434 607 596 690 aliquibus
613 607 758 690 partibus
780 608 923 684 ruinosa,
941 609 1130 688 praesertim
1153 611 1184 674 in
1206 613 1312 690 tectis,

225 708 337 775 refecit
359 718 390 774 ct
406 717 490 772 sarta
520 717 602 772 tecta
629 707 785 773 sustinuit
815 708 848 771 lu
875 725 939 789 quo
955 709 995 772 de
1022 701 1182 787 praesenti
1209 711 1314 776 adlruc

225 809 316 874 solus
328 807 436 874 existit
451 824 582 888 operam
595 807 750 878 dandout
763 808 886 887 reliqua
904 825 959 872 seu
974 808 1127 889 arriragia
1141 809 1312 886 redituum,

226 923 308 988 quaa
323 901 481 972 debentur
498 914 531 971 ut
545 906 709 969 minimum
726 924 783 986 pro
796 905 943 971 undecim
958 906 1063 982 annis,
1074 917 1231 986 quatenus
1245 907 1314 973 lteri

227 1016 344 1086 potest,
362 1006 507 1085 recipiat,
525 1013 556 1070 et
572 1022 628 1069 aes
643 1005 782 1070 alienum
804 1015 1003 1070 contractum
1022 1006 1125 1084 primo
1144 1006 1312 1081 dissolvat,

226 1114 260 1170 et
275 1105 479 1186 occasionem
497 1114 629 1184 quaerat
651 1105 772 1184 alluunt
788 1105 955 1170 cursarius
978 1104 1093 1169 iterum
1115 1106 1314 1171 assumendi.

226 1204 260 1267 ln
283 1222 347 1286 quo
371 1221 434 1267 uon
457 1204 570 1284 exigua
593 1213 643 1268 est
665 1203 850 1275 difficultas,
869 1203 955 1267 obid
981 1204 1065 1284 quod
1083 1221 1141 1284 pro
1163 1205 1316 1270 varietate

224 1304 381 1367 dictarum
407 1303 626 1366 fundationum
644 1301 741 1382 liujus
765 1303 890 1384 collegii
909 1303 1032 1366 reditus
1048 1303 1130 1382 apud
1156 1304 1316 1367 nonsatis

224 1403 391 1482 expeditus
407 1401 584 1477 debitores,
603 1411 635 1466 et
652 1402 842 1481 praesertim
867 1401 1105 1476 numantiorum,
1121 1401 1265 1466 Statuum
1284 1411 1317 1468 at
1334 1419 1337 1424 “

226 1501 388 1565 civitatum
402 1499 549 1564 collocati
564 1509 651 1572 sunt,
666 1507 697 1564 et
709 1499 814 1580 aliqua
827 1500 922 1564 etiam
940 1501 970 1562 in
989 1509 1077 1579 prante
1089 1500 1121 1562 in
1136 1500 1316 1578 llollandia;

226 1601 357 1680 etouod
376 1599 480 1674 unica,
510 1615 603 1680 quam
633 1599 727 1662 lrabet
758 1598 819 1663 lroc
848 1600 1032 1679 collegium,
1051 1599 1126 1663 villa
1151 1600 1182 1662 iu
1206 1601 1318 1665 Werdl

227 1698 329 1761 sancti
347 1698 473 1777 Georgii
497 1697 623 1762 deserta
641 1708 674 1762 et
690 1697 807 1762 inculta
822 1698 968 1778 Jacuerit,
987 1709 1019 1763 et
1037 1699 1142 1763 adlruc
1154 1698 1269 1780 jaceat,
1286 1709 1319 1763 et

229 1814 291 1862 uon
305 1797 366 1860 nisi
384 1797 529 1861 maximis
553 1798 712 1877 impensis
728 1798 765 1859 nd
783 1798 940 1861 culturam
958 1806 989 1861 et
1005 1807 1089 1860 sarta
1109 1808 1189 1861 tecta
1207 1797 1317 1862 reduci

229 1897 357 1976 poterit.
1234 1969 1236 1972 ¹

268 1993 370 2073 Hujus
385 1994 511 2073 collegii
531 1999 716 2074 provisores
729 2005 805 2058 suut
821 1995 977 2074 plebanus
990 1995 1092 2058 sancti
1112 1995 1195 2058 Petri
1214 1995 1315 2059 liora·

227 2093 348 2157 niensis
364 2103 396 2156 et
411 2093 499 2172 prior
515 2093 700 2157 monasterii
717 2091 991 2157 carthusiensium
1010 2093 1270 2156 lovaniensium.
1302 2117 1316 2153 u

227 2308 341 2361 Emeruit
354 2313 387 2360 de
401 2305 547 2360 l'Hisloria
561 2307 756 2363 Universitatis
771 2307 936 2360 Purisiensis
949 2313 982 2360 de
995 2309 1122 2361 Bulaeus
1135 2308 1180 2378 (V,
1196 2325 1224 2378 p.
1240 2308 1315 2380 900).

269 2485 287 2519 u
309 2461 450 2525 loannes
473 2460 654 2524 Standonek
679 2462 728 2538 (11,
761 2463 856 2542 vulgo
883 2461 1038 2534 Standon,
1063 2461 1316 2543 llcchliniensis,

229 2561 330 2642 patris
346 2561 467 2625 sutoris
484 2560 569 2624 filius
592 2561 640 2638 ti),
659 2578 774 2642 magno
793 2561 903 2625 labore
920 2570 950 2625 et
967 2561 1011 2625 rei
1039 2560 1236 2625 domesticae
1259 2561 1318 2625 dil·

229 2662 370 2727 licultnte
382 2663 562 2726 studiorum
579 2679 708 2726 cursum
726 2663 883 2736 coniectu
902 2679 964 2742 quo
979 2663 1105 2726 tandem
1123 2663 1271 2727 conlecto
1286 2671 1318 2727 et

229 2761 382 2841 gradibus
398 2763 586 2841 assumptis,
604 2763 634 2824 in
648 2761 763 2845 artium
777 2770 808 2824 et
824 2761 1005 2842 theologiae
1019 2761 1219 2841 professione
1236 2761 1319 2825 inter

230 2860 1317 2940 praecipuosclaruit.Universitatis[Parisiensis]rectorluitelectus

230 2955 1316 3040 llidecembrisll85tumbaccalaureusformatuslutheologiuffi).

232 3058 1096 3123 [liviniverbiecclesiastesiudel'essussermouecum
1111 3057 1316 3138 galliculum

229 3157 351 3237 vulgari
377 3174 432 3220 seu
452 3158 627 3221 teutonico.
652 3156 784 3237 Collegii
806 3156 923 3220 llontis
946 3156 1039 3220 Acuti
1063 3174 1119 3221 seu
1141 3164 1318 3236 copularum

265 3355 305 3425 (l)
326 3355 446 3409 Bulaeus
460 3354 528 3408 aaut
542 3356 667 3424 toujours
680 3353 870 3409 StandouKus
883 3360 911 3409 el
923 3353 1087 3410 StundouK.

265 3445 304 3516 (2)
321 3469 333 3490 ι
351 3445 402 3499 Hic
423 3445 591 3499 Mechliniae
610 3450 692 3498 natus
715 3451 757 3500 ast
776 3463 809 3499 ex
829 3445 1000 3500 tenuissimis
1018 3445 1189 3516 parentibus,
1204 3445 1244 3498 uit
1260 3443 1320 3498 Mo·

230 3538 321 3598 lanus,
337 3543 415 3605 pater
433 3535 506 3589 enim
527 3540 605 3588 sutor
617 3535 770 3590 calceorum
785 3540 853 3592 urat.
871 3561 884 3582 v·
904 3536 1032 3589 Historia
1056 3536 1283 3598 lovaniensium,
1297 3535 1319 3602 1,

231 3643 258 3696 p.
274 3625 339 3683 (136.

266 3715 305 3789 (3)
326 3717 399 3770 Dans
414 3717 441 3770 la
453 3715 525 3771 sdrie
537 3717 585 3771 das
599 3721 732 3781 recleurs,
744 3716 914 3780 Standonclr,
929 3714 973 3770 rilu
990 3717 1015 3769 le
1033 3715 1065 3770 16
1079 3713 1222 3770 decembre
1239 3713 1319 3780 1485,

230 3811 272 3860 cst
293 3803 391 3878 appele
412 3807 536 3860 loannes
559 3807 713 3876 Standoux,
735 3807 885 3866 Picardua,
906 3810 1106 3860 baccalaureus
1128 3805 1268 3870 formatus
1289 3809 1321 3856 iu

228 3903 370 3964 theolopic.
388 3898 409 3950 ll
423 3914 554 3953 conserva
572 3899 598 3952 le
614 3901 731 3952 rectorat
745 3896 875 3969 jusqu'au
896 3897 928 3951 16
942 3915 1016 3951 mars
1037 3897 1116 3954 1486.
1134 3893 1321 3951 L'Universitd

229 3989 263 4042 de
285 3987 364 4041 Paris
383 3988 514 4058 compluit
528 3994 625 4060 quatre
644 3989 754 4045 nations
772 3988 964 4060 aendamlques
980 4007 986 4042 :
1002 3989 1087 4042 callus
1105 3987 1140 4041 de
1158 3988 1274 4052 Franco,
1288 3985 1323 4038 de

231 4077 366 4142 Picardie,
381 4078 414 4132 da
429 4078 597 4132 Normcndic
619 4083 647 4134 ot
663 4077 864 4148 d'Allemagna.
881 4079 932 4133 Les
946 4077 1077 4148 Madinois¹
1099 4084 1125 4131 et
1147 4078 1187 4130 les
1202 4077 1322 4130 Braban·

232 4185 297 4234 cons
310 4169 439 4223 salsulam
453 4170 541 4240 partie
555 4165 588 4222 de
603 4171 629 4223 ln
643 4170 736 4224 nullon
750 4169 785 4224 de
801 4169 935 4225 Picardie.
