3158 4952
630 534 670 544 —
692 498 749 563 alt
773 535 814 545 ·-

1126 601 1277 660 Renenses.

179 686 265 752 dicte
282 689 402 752 domus
426 697 501 752 sunt
515 698 656 770 gravate,
673 699 704 754 et
721 707 778 771 pro
794 690 912 771 quibos
932 707 1035 755 arnume
1052 690 1116 754 sol-

180 795 299 851 vunlur
347 833 355 849 .

222 885 374 952 Preterea
400 889 505 954 adbuc
530 889 591 953 sub
618 906 724 953 annuo
750 889 944 954 hereditario
972 889 1110 966 redditu,
1133 887 1281 930 'vistim'

182 986 356 1051 redimibili
381 989 515 1053 denario
540 1006 598 1068 pro
622 989 744 1069 viginti,
765 989 900 1054 cedente
923 989 953 1052 in
978 999 1114 1070 augusto

180 1099 237 1163 pro
254 1084 355 1149 bursa
374 1085 507 1166 predicti
525 1086 668 1168 magistri
684 1086 841 1151 Gabrielis
857 1085 897 1151 de
914 1087 999 1150 liena
1052 1134 1060 1149 .
1108 1136 1115 1150 .
1181 1087 1272 1168 xxxvj

218 1183 1114 1258 Adbucsubannuoethereditarioredditu,redimibili

177 1282 313 1348 denario
334 1301 393 1364 pro
409 1284 494 1365 xviij,
513 1285 647 1349 cedente
662 1285 748 1366 xxiiij
766 1285 961 1365 septembris
985 1303 1043 1366 pto
1060 1285 1114 1350 be·

178 1381 312 1446 nedibus
325 1382 403 1446 dicti
421 1383 562 1463 magistri
576 1382 750 1459 Gabviolis;
768 1385 821 1464 nui
836 1384 981 1448 redditus
999 1383 1114 1463 proterit

176 1482 370 1546 successive
385 1499 458 1546 cum
475 1500 493 1545 x
510 1483 702 1547 senensibus
716 1483 873 1564 deunitari
879 1529 1108 1545 .....
1264 1483 1272 1545 l

219 1579 300 1644 ltem
318 1580 383 1644 snb
397 1597 503 1645 attnuo
526 1591 557 1645 et
574 1582 767 1646 hereditario
784 1581 924 1656 redditu,
943 1581 1112 1645 redimibili

177 1679 314 1744 (tonario
339 1696 398 1759 pro
414 1679 500 1760 xviij,
518 1681 653 1744 cedente
671 1682 700 1743 in
715 1680 797 1760 julio
821 1698 879 1760 pro
895 1681 988 1744 vidua
1009 1696 1112 1761 quorn-

177 1778 249 1841 dam
264 1777 403 1841 Arnoldi
422 1778 617 1842 llancltaerts
663 1824 1112 1842 .........
1234 1795 1274 1840 xv

218 1875 256 1939 llt
284 1876 348 1942 sub
375 1893 482 1942 annuo
505 1887 537 1942 et
564 1877 758 1942 hereditario
781 1877 920 1946 redditu.
945 1876 1115 1942 redimibili

177 1975 316 2040 denario
343 1975 430 2056 xviii,
454 1976 579 2041 cedenti
611 1976 643 2040 in
669 1977 833 2042 decembri
862 1994 919 2058 pro
944 1977 1054 2040 bursis
1076 1977 1117 2042 de

179 2076 290 2157 Argea
307 2075 449 2140 fundatis
465 2076 496 2139 in
515 2077 692 2158 pedagogio
708 2077 857 2142 Falconis
874 2078 946 2154 (l).
995 2125 1002 2140 .
1050 2123 1058 2140 .
1105 2123 1113 2138 .
1245 2075 1275 2138 ix

218 2173 301 2239 Com
318 2175 424 2239 adbuc
439 2176 523 2240 dicte
538 2175 654 2240 domus
670 2177 734 2240 sint
749 2175 889 2258 obligate
912 2193 970 2257 pro
988 2193 1050 2240 uno
1068 2191 1116 2240 re·

180 2273 274 2339 nensi
290 2274 489 2340 hereditario
505 2275 642 2340 ecclesie
665 2275 767 2340 sancti
783 2274 947 2340 Michaelis
967 2275 998 2338 in
1016 2276 1115 2339 bova·
1176 2295 1179 2300 ¹

179 2372 250 2447 nio;
271 2372 314 2437 de
329 2389 393 2453 ouo
412 2374 541 2438 tenensi
558 2374 674 2439 domus
691 2374 807 2439 ibidem
824 2374 938 2450 vicina,
953 2374 1113 2456 quondam

175 2470 314 2537 loannis
340 2473 384 2536 lle
409 2473 545 2548 llorere,
564 2483 691 2538 tenetur
715 2474 856 2538 relevare
879 2474 982 2538 dictas
1000 2473 1114 2539 domos

179 2572 409 2652 pedagogtates
422 2571 510 2652 juxta
528 2572 637 2636 literas
653 2573 833 2636 scabinales
846 2573 986 2653 desuper
1002 2571 1112 2636 lactas.

1150 2679 1249 2686 .........-.--

218 2735 291 2806 Quo
306 2731 413 2796 ovuttia
431 2733 633 2796 constituunt
648 2749 753 2796 anitue
777 2777 1113 2794 .......
1191 2727 1272 2808 cxxij

218 2831 257 2896 Et
273 2831 381 2896 dictus
397 2831 546 2896 dominus
567 2848 683 2912 regens
707 2847 815 2895 coram
833 2831 973 2895 dominis
988 2827 1222 2894 commissoriis
1241 2826 1272 2889 in

177 2928 240 2996 ude
257 2931 433 2996 sacerdotii
450 2931 624 2996 declaravit
638 2941 670 2996 et
685 2931 824 2996 asseruit
839 2947 876 2995 se
893 2947 954 2994 non
972 2931 1068 3004 scire,
1085 2929 1171 3010 nond
1188 2927 1272 2993 dicte

176 3027 294 3094 domus
306 3030 371 3092 sint
384 3031 521 3110 amplius
534 3030 565 3094 in
579 3030 686 3110 aliquo
698 3031 837 3111 obligate
855 3030 915 3092 nisi
929 3031 1011 3110 apud
1027 3039 1147 3108 patrem
1162 3043 1268 3100 suunt,

174 3145 272 3210 quem
289 3129 446 3210 prestabit
462 3138 605 3208 paratum
623 3129 808 3194 renuntiare
824 3145 882 3193 sue
898 3127 1096 3209 obligationi.

218 3226 358 3306 lrrsuper
373 3228 457 3292 idem
470 3228 620 3291 domiuus
637 3245 753 3310 regens
766 3229 941 3292 declaravit
957 3237 988 3292 et
1000 3228 1141 3292 asseruit
1156 3227 1268 3292 eadem

176 3325 251 3396 ilde.
270 3327 356 3406 quod
374 3326 444 3405 ipse
459 3343 516 3390 seu
535 3343 670 3406 persona
687 3343 745 3390 sua
764 3343 825 3390 non
843 3326 886 3390 sit
901 3327 997 3391 alicui
1015 3328 1046 3388 in
1063 3327 1171 3418 aliquo
1186 3325 1269 3390 obli-

175 3435 247 3507 gata
271 3443 381 3490 coram
405 3427 557 3500 scabinis,
576 3437 706 3506 propter
729 3427 815 3506 quod
841 3444 897 3507 per
916 3426 1141 3490 adductionem
1167 3425 1269 3505 possit

177 3525 337 3606 preveniri
362 3525 401 3588 ad
418 3525 608 3590 evictionem
625 3542 682 3589 seu
701 3525 958 3590 molestationem
981 3526 1138 3590 dictarum
1155 3525 1269 3589 domo·

177 3639 258 3697 rum.
285 3623 346 3688 nisi
374 3625 458 3704 quod
488 3624 616 3688 tratrem
642 3640 737 3687 soum
760 3625 801 3686 de
828 3634 938 3689 mutuo
961 3624 1266 3704 quadringentorum

175 3722 376 3793 renensium.
387 3721 447 3786 sibi
462 3739 519 3802 per
532 3721 712 3786 facultatem
727 3724 808 3787 lacto
821 3724 882 3787 sub
893 3724 1043 3788 cautione
1055 3723 1131 3788 dicti
1146 3723 1266 3798 lratvis,

175 3835 283 3884 coram
296 3821 441 3885 scabinis
455 3823 601 3900 promisit
614 3823 757 3887 relevare
769 3822 991 3903 indempnem;
1004 3840 1099 3903 quem
1114 3822 1268 3904 prestabit

211 4067 250 4139 (l)
270 4069 292 4122 il
306 4069 390 4138 s'ogit
409 4086 472 4123 sans
486 4071 568 4125 doute
589 4069 624 4124 ici
644 4071 678 4122 de
691 4069 763 4124 deux
778 4071 890 4126 bourses
911 4073 1020 4127 londees
1040 4089 1076 4126 ttu
1098 4073 1217 4137 Fuucon,
1232 4088 1267 4127 en

179 4157 258 4224 1540,
280 4177 332 4232 par
354 4159 450 4214 Pierre
464 4161 521 4216 Van
541 4163 590 4217 der
610 4165 721 4236 llycken
740 4182 775 4220 ou
790 4185 807 4221 a
820 4165 939 4232 Ouarsa,
954 4165 1021 4219 dont
1040 4165 1120 4220 itast
1138 4164 1266 4237 question

175 4247 335 4319 ‹ai-dessous,
346 4269 382 4306 att
395 4253 504 4307 n⁰7des
511 4255 683 4310 Fondntions
693 4261 849 4312 bmtrsidres
858 4263 893 4312 du
901 4262 928 4310 la
936 4259 1084 4323 pddnpople
1093 4260 1131 4309 du
1139 4255 1263 4309 Fauces.
