3158 4952
742 453 927 517 -316-

288 634 1376 718 concessamresignamusipsedomumstvepedagogiumbujm·

289 735 374 799 modi
391 751 461 798 cum
476 734 598 814 jactura
614 751 651 797 ac
667 751 723 798 seu
742 751 856 815 magno
872 751 932 797 suo
949 733 1156 797 incommodo
1168 743 1199 797 et
1215 733 1376 798 interesse

288 834 469 914 relinquere
482 833 607 910 debeat,
622 844 684 898 tam
700 835 765 897 cito
779 851 816 897 ac
833 833 935 897 obiter
948 851 1009 896 non
1028 843 1148 915 posset,
1164 833 1207 896 uti
1224 832 1376 908 asseruit,¹

287 932 432 996 irruenirc
448 932 660 1012 aliquemqni
677 931 769 1014 equis
786 941 888 996 tamen
906 931 1147 997 conditionibus
1164 931 1372 1012 pedagogium

287 1028 472 1111 hujusmodi
483 1041 514 1095 et
528 1031 743 1095 conditionem
759 1047 849 1095 suam
866 1048 1031 1096 assumere
1048 1032 1154 1100 uellet,
1171 1047 1228 1109 pro
1244 1047 1373 1095 conscr-

243 1165 247 1174 -
286 1129 414 1194 ratione
429 1130 545 1194 domus
561 1139 592 1193 et
607 1130 775 1210 pedagogii
798 1130 989 1210 supplicavit
1007 1148 1043 1194 se
1058 1131 1162 1195 cidem
1180 1131 1288 1194 domui
1306 1131 1371 1193 Fal-

286 1229 379 1296 conis
395 1228 505 1308 prellcl
523 1237 696 1309 regentem,
714 1243 752 1293 ac
767 1246 824 1292 seu
841 1229 879 1292 ad
897 1231 1072 1310 regentiam
1099 1229 1131 1292 in
1148 1231 1259 1293 eadem
1277 1229 1374 1293 domo

287 1345 391 1408 usque
415 1328 555 1391 luturum
577 1344 694 1391 novum
710 1328 919 1400 ordinarium,
937 1330 1041 1393 donec
1055 1329 1169 1392 iterum
1186 1330 1370 1408 supplican-

285 1427 361 1490 dum
379 1427 450 1502 crit,
469 1443 523 1506 per
547 1425 696 1490 dominos
718 1427 852 1490 admitti.
879 1427 953 1492 lstis
970 1427 1146 1509 propositis
1162 1435 1193 1491 et
1208 1428 1371 1508 supplica-

285 1524 373 1588 tione
389 1525 597 1600 lacta,dictus
613 1523 764 1588 dominus
779 1525 893 1590 doctor
908 1526 1107 1606 supplicans,
1118 1525 1259 1589 monitus
1275 1525 1369 1590 simul

199 1651 202 1658 v
285 1633 380 1704 atque
396 1624 510 1688 itcrum
536 1640 592 1702 per
610 1623 773 1686 dominum
791 1624 958 1699 decanum,
977 1635 1010 1688 ut
1025 1625 1185 1688 modicum
1202 1624 1368 1688 secederet

284 1732 328 1798 et,
356 1723 461 1786 dorrec
490 1721 612 1786 domini
635 1720 881 1796 deliberassent,
906 1741 942 1787 se
966 1725 1152 1796 retralrcret,
1178 1723 1240 1786 boc
1265 1723 1369 1787 lacere

284 1821 455 1895 recusavit,
472 1821 584 1884 dincns
602 1820 630 1882 id
650 1820 717 1884 lore
733 1831 839 1900 preter
863 1839 984 1886 morem
1004 1831 1208 1897 consuetum,
1226 1820 1369 1886 reterens

284 1935 321 1983 se
350 1919 578 1982 nichilominus
619 1918 656 1981 ad
689 1919 938 1984 deliberationes
967 1921 1183 1984 dominorum.
1215 1918 1284 1993 Quo
1314 1936 1369 1999 per

283 2017 448 2081 dominum
474 2019 631 2082 decanum
659 2018 690 2080 lu
717 2019 1001 2082 deliberationibus
1023 2019 1227 2083 dominorum
1250 2018 1367 2098 posito,

283 2115 400 2194 placuit
415 2125 446 2180 et
461 2116 621 2180 ordinavit
637 2117 782 2192 facultas,
793 2117 877 2197 quod
895 2117 1044 2182 dominus
1061 2117 1367 2198 supplicans,donec

281 2215 402 2279 domini
421 2215 679 2289 deliberaverint,
697 2233 733 2280 se
756 2217 896 2280 cenabat
918 2227 950 2281 et
969 2218 1098 2282 secedat
1118 2217 1150 2279 ln
1166 2219 1297 2281 domum
1320 2217 1335 2278 l
1349 2249 1362 2262 -

282 2314 410 2378 cultatis
424 2325 478 2378 aut
493 2315 580 2378 alibi.
598 2313 700 2386 Quare
716 2315 866 2379 dontinus
882 2317 995 2380 doctor
1009 2316 1196 2396 supplicans
1215 2333 1251 2380 se
1267 2326 1364 2388 retra-

281 2411 326 2474 xit
348 2422 380 2476 ct
402 2413 548 2477 secessit.
576 2413 699 2478 ilatunc
724 2413 830 2477 dictus
855 2413 1006 2477 dominus
1032 2415 1174 2478 decanus
1201 2414 1309 2494 posuit
1334 2414 1365 2477 in

281 2509 570 2575 deliberationibus
592 2511 793 2576 dominorum
816 2512 933 2576 dictam
956 2513 1223 2592 supplicationem
1246 2512 1365 2578 domini

281 2609 435 2685 doctoris,
453 2621 485 2674 et
503 2610 579 2690 quid
603 2610 688 2674 circa
711 2610 894 2691 regentiam'
909 2610 1093 2690 huiusmodi
1109 2610 1255 2674 videatur
1270 2626 1364 2690 expe·

281 2707 385 2770 diens.
400 2708 501 2784 Unde,
516 2717 637 2772 matura
652 2709 884 2774 deliberatione
901 2711 1075 2790 prehabito,
1092 2711 1210 2790 placuit
1226 2709 1364 2774 lacultati

281 2813 314 2870 et
338 2806 508 2882 ordinarit,
529 2808 613 2888 quod
641 2808 791 2872 dominus
816 2810 931 2874 doctor
953 2811 1139 2890 supplicans
1162 2809 1243 2873 inira
1268 2825 1363 2872 unum

280 2915 335 2968 aut
350 2905 485 2969 alterum
505 2905 589 2970 diem
606 2916 702 2986 ponat
720 2907 751 2968 in
767 2909 898 2988 scriptis
914 2919 1018 2985 certas
1035 2908 1250 2982 conditiones,
1267 2907 1364 2971 ratio·

280 3003 403 3068 nabiles
416 3005 510 3069 etiam
523 3006 1366 3086 etequas,quibuseritcontentusdomumFalconis

278 3113 310 3168 et
336 3103 554 3169 conditionem
581 3121 671 3168 suam
697 3106 869 3182 dimittere,
902 3105 1068 3171 ollcrendo
1099 3107 1171 3169 illas
1201 3107 1305 3186 primo
1326 3122 1364 3168 ex

279 3201 440 3283 magistris
452 3201 555 3282 ipsius
571 3204 697 3276 domus,
710 3203 741 3266 in
758 3215 909 3284 quantum
924 3205 1059 3270 idoneus
1071 3213 1240 3284 acceptare
1252 3203 1363 3268 voleus

278 3299 470 3380 reperiatur;
495 3302 545 3364 sin
568 3312 686 3378 autem,
703 3313 821 3366 extunc
836 3304 931 3368 alicui
947 3313 1034 3368 extra
1050 3305 1180 3367 domum
1196 3312 1363 3382 acceptare

278 3399 410 3474 volenti,
434 3417 506 3464 curn
532 3410 637 3464 tamen
663 3417 825 3465 consensu
849 3403 1019 3467 lacultatis.
1043 3401 1184 3477 Quodsi
1207 3399 1365 3464 neminem

279 3498 425 3562 invenire
442 3501 571 3578 poterit,
585 3515 688 3580 neque
703 3517 775 3563 cum
791 3501 898 3581 aliquo
916 3519 972 3581 per
988 3519 1023 3566 se
1038 3501 1249 3573 concordare,
1268 3499 1365 3563 lacul-

279 3605 329 3661 tas
349 3598 436 3662 vices
456 3615 533 3661 suas
556 3599 738 3677 interponet
760 3609 792 3663 et
813 3601 909 3664 latius
931 3599 1133 3664 deliberabit.
1156 3599 1195 3662 Et
1210 3599 1303 3664 aliter
1318 3597 1367 3660 rol

279 3696 418 3776 amplius
433 3696 660 3776 supplicationi
676 3696 747 3776 ejus
765 3698 898 3762 l'acultas
914 3699 1044 3763 minime
1059 3699 1181 3763 annuit.
1199 3700 1304 3778 Atque
1319 3697 1366 3761 sic

279 3811 336 3875 per
357 3795 464 3859 omnia
488 3796 648 3860 conclusit
670 3798 822 3861 decanus.
847 3799 939 3872 Acar,
957 3798 1023 3874 Vll,
1043 3797 1099 3861 lol.
1116 3797 1156 3860 ll
1171 3809 1204 3861 r⁰
1220 3809 1252 3860 et
1268 3796 1307 3858 15
1324 3807 1367 3857 ιο..

323 3946 377 4008 llic
401 3945 531 4020 sabboti,
556 3944 726 4026 penultima
751 3950 862 4010 mensis
888 3947 1019 4010 octobris
1046 3945 1136 4018 1535,
1164 3945 1282 4009 indicta
1310 3944 1366 4008 luit

279 4046 487 4126 congregatio
502 4046 661 4109 facultatis
680 4047 794 4109 artium
812 4048 843 4108 in
860 4047 960 4112 scotis
974 4048 1158 4111 artistarum
1181 4045 1242 4109 sub
1255 4046 1364 4108 boram

279 4154 424 4223 quartam
448 4159 465 4207 a
488 4145 632 4220 meridie,
650 4148 687 4209 ad
708 4146 949 4210 deliberandum
972 4164 1071 4226 super
1087 4145 1230 4227 regentia
1249 4146 1366 4209 domus
