3158 4952
662 474 845 539 —3ttt-

203 653 301 719 annui
328 653 508 729 dumtaxat,
537 653 565 718 si
594 654 704 736 petitio
731 654 818 735 iusta
845 666 876 720 ct
902 651 1105 720 rationabilis
1137 651 1294 716 uideatur.

205 752 316 830 Quoad
344 753 611 834 supplicationem
637 754 772 834 predicti
799 754 957 836 regentis,
985 753 1059 835 quia
1086 751 1219 816 arduum
1248 760 1298 817 est

207 851 383 933 negotium,
411 851 573 918 commisit
599 853 732 917 facultas
758 853 920 933 deputatis
947 849 1119 916 ordinariis
1146 858 1178 914 et
1202 866 1297 914 assu-

207 951 335 1016 mendis
359 951 543 1016 senioribus
568 951 745 1030 facultatis;
774 951 890 1031 quibus
918 958 1107 1031 potestatem
1135 948 1294 1012 dederunt

207 1059 271 1114 tam
294 1049 335 1115 de
351 1058 482 1130 regente
504 1051 612 1115 futuro
627 1049 789 1134 cogitandi
814 1061 845 1114 et
864 1048 1067 1131 providendi,
1083 1063 1177 1128 quam
1200 1045 1295 1110 etiam

207 1147 353 1230 petitioni
371 1149 512 1230 regentis
534 1149 574 1214 de
590 1149 660 1230 xxvj
679 1149 870 1214 renensibus
893 1149 1046 1226 predictis
1062 1144 1222 1208 annuendi
1243 1155 1297 1208 aut

207 1247 389 1328 abjiciendi.
416 1248 452 1310 Et
473 1248 521 1312 sic
544 1265 600 1328 per
622 1249 729 1312 omnia
753 1248 913 1312 conclusit
934 1247 1087 1310 decanus.
1107 1245 1198 1318 dura,
1216 1242 1294 1317 vlit,

193 1345 263 1410 fol.
282 1347 321 1410 19
337 1346 427 1410 vead
444 1357 484 1409 r⁰.

251 1495 307 1558 llic
320 1495 451 1570 satiati,
468 1503 572 1559 octauo
587 1497 700 1559 mmtsis
708 1497 793 1577 juuii
810 1480 902 1570 1555,
922 1497 999 1560 liora
1017 1509 1098 1557 uonn
1115 1501 1188 1556 ante
1204 1490 1298 1554 meri·

208 1593 305 1670 diem,
320 1594 437 1658 indicta
454 1595 513 1658 fuit
534 1593 699 1674 deputatio
715 1595 874 1658 facultatis
886 1609 958 1657 cum
975 1593 1095 1672 aliquot
1114 1588 1297 1654 senioribus

208 1692 387 1765 facultatis;
404 1709 513 1758 coram
530 1693 648 1774 quibus
665 1695 832 1773 proposuit
849 1692 999 1756 domiuus
1014 1692 1156 1755 decanus
1173 1687 1299 1756 indeli-

209 1790 429 1855 berationibns
444 1791 647 1855 dominorum
666 1791 933 1872 supplicationem
949 1789 1069 1855 domini
1087 1787 1228 1868 regentis
1244 1801 1296 1868 pe·

208 1887 335 1970 dagogii
360 1889 507 1953 Falconis
530 1890 582 1954 die
604 1890 741 1963 sabbati,
761 1890 861 1970 prima
882 1889 976 1970 jonii,
995 1889 1025 1950 in
1049 1885 1298 1967 congregatione

208 1987 371 2053 ordinaria
389 1987 548 2052 facultatis
564 1988 738 2063 inclamet
754 2005 810 2068 per
823 1989 1003 2053 facultatem
1020 1986 1159 2050 dominis
1175 1987 1298 2048 decano

207 2093 240 2151 et
255 2085 418 2166 deputatis
434 2103 506 2150 cum
523 2086 707 2151 senioribus
723 2087 883 2151 facultatis
900 2086 1123 2157 commissam
1148 2093 1179 2148 et
1194 2081 1297 2146 domi-

208 2201 269 2249 nus
295 2186 439 2249 decanus
465 2187 496 2247 in
524 2185 684 2267 presentia
712 2186 916 2250 dominorum
945 2186 1031 2266 legit.
1056 2184 1134 2248 Post
1159 2182 1297 2262 aliquam

206 2283 437 2348 conferentiam
455 2283 658 2348 dominorum
675 2276 825 2348 dominus
841 2285 983 2349 decanus
1001 2283 1108 2363 posuit
1123 2282 1156 2344 in
1173 2279 1309 2344 deliba-v

210 2381 335 2446 ratione
357 2382 573 2456 dominorum,
591 2392 623 2445 ct
645 2399 683 2446 ex
707 2383 892 2447 eorumdem
912 2383 1115 2447 dominorum
1139 2379 1296 2444 delibera-

210 2479 297 2544 tione
319 2479 480 2544 conclusit
502 2479 653 2544 dominus
671 2483 824 2555 decanus,
842 2482 927 2562 quod
944 2481 1095 2544 dominus
1118 2494 1234 2559 regens
1257 2477 1298 2540 sit

209 2577 364 2652 orandus,
392 2588 426 2642 ut
451 2593 541 2642 suem
569 2580 744 2660 regentium
767 2581 955 2644 continuare
977 2579 1053 2643 velit
1079 2578 1116 2641 ad
1142 2593 1239 2641 unum
1266 2584 1298 2639 et

207 2677 343 2743 alterum
366 2693 501 2751 aunum;
518 2677 552 2758 ¹si
573 2677 705 2742 omniuo
723 2694 785 2742 non
803 2679 889 2748 velit.
909 2689 941 2743 ut
957 2679 1027 2758 ipse
1049 2693 1088 2740 eo
1104 2686 1180 2740 tunc
1204 2689 1297 2754 pros·

207 2774 315 2855 picere
329 2775 407 2840 uelit
423 2792 484 2839 nna
501 2793 573 2841 cum
590 2777 753 2856 magistris
775 2776 938 2841 ludovico
955 2775 1019 2838 Van
1036 2773 1150 2838 Germe
1166 2782 1197 2837 et
1215 2771 1297 2836 flen-

208 2875 276 2939 rico
294 2874 442 2938 llorkens
471 2874 511 2938 de
528 2876 622 2951 iteca,
651 2885 683 2939 et
706 2877 881 2954 assumptis
905 2875 976 2938 aliis
999 2873 1177 2937 fautoribus
1201 2871 1297 2951 peda·

206 2973 291 3054 gogii
323 2973 489 3048 Falconis,
517 2991 600 3054 quos
631 2975 786 3055 putabunt
816 2975 934 3055 aliquid
963 2982 1107 3054 prestare
1138 2987 1234 3052 posse
1265 2971 1295 3032 in

207 3071 373 3153 querendo
391 3082 423 3136 et
438 3073 631 3137 inveniendo
648 3089 840 3137 successore
859 3073 1000 3153 regentis
1018 3071 1173 3135 moderni.
1192 3071 1296 3145 Quan-

206 3179 273 3233 tum
303 3185 381 3235 vcro
407 3169 444 3232 ad
478 3171 745 3252 supplicationem
769 3171 889 3235 domini
921 3171 1063 3252 regentis
1090 3170 1130 3234 de
1162 3168 1297 3250 pecunia

207 3269 407 3335 caminorum
435 3279 467 3333 et
494 3269 639 3334 uicesimi
666 3271 802 3342 denarii,
831 3271 950 3334 domini
978 3267 1298 3349 anrtuunteJussup-

208 3367 373 3447 plicationi
390 3383 426 3432 ca
443 3384 514 3447 spe,
541 3377 575 3431 ut
600 3369 670 3448 ipse
696 3385 786 3432 suam
811 3368 984 3450 regentium
1009 3367 1200 3432 continuare
1223 3365 1299 3430 velit

205 3465 245 3530 ad
261 3465 385 3546 aliquot
401 3482 515 3530 annos.
533 3465 572 3530 Et
587 3467 636 3530 sic
652 3483 708 3546 per
723 3466 829 3530 omnia
851 3467 1012 3532 conclusit
1034 3466 1183 3530 dominus
1203 3463 1297 3528 deca-

205 3579 278 3628 nus.
297 3566 390 3637 Aera,
408 3563 488 3638 vlit,
507 3564 562 3629 fol.
580 3565 620 3628 to
635 3573 680 3628 v⁰.

244 3713 302 3776 llic
316 3712 481 3786 dominico,
494 3714 570 3792 cviij
584 3716 710 3794 capucii
723 3713 815 3788 1555,
830 3713 914 3778 iuter
925 3712 1081 3778 decimam
1099 3722 1131 3777 et
1143 3713 1172 3794 xj
1186 3715 1295 3788 horas,

203 3809 324 3875 indicta
348 3811 407 3874 fuit
426 3811 591 3892 deputatio
615 3812 774 3876 facultatis
797 3820 828 3875 et
844 3811 1054 3893 quorumdam
1078 3813 1242 3876 seniorum
1266 3809 1297 3874 in

203 3908 303 3974 rubea
329 3925 457 3974 camera
484 3912 601 3974 domus
630 3911 801 3984 facultatis,
825 3914 864 3974 ad
892 3911 1084 3975 audiendum
1110 3911 1297 3975 relationem

202 4005 408 4073 dominorum
434 4011 733 4074 commissariorum
759 4011 839 4074 alias
860 4010 1008 4074 datorum
1031 4011 1070 4073 ad
1097 4008 1297 4090 querendum

200 4104 305 4172 uirum
328 4107 465 4188 aliquem
489 4109 653 4184 idoneum,
670 4109 723 4190 qui
744 4109 899 4189 suscipiet
921 4109 1096 4189 regentium
1120 4108 1288 4190 pedagogii

201 4201 362 4269 Falconis.
389 4206 426 4270 fit
449 4207 567 4286 placuit
588 4207 728 4271 dominis
756 4207 867 4272 audire
887 4207 1143 4272 commissarios.
1170 4206 1291 4272 [leiude
