3202 4948
741 455 924 522 ..wo-.-

325 637 462 704 'lrrrbata
486 647 562 703 sunt
587 637 647 702 hec
672 645 862 718 tempestate
887 637 993 704 studia
1016 637 1154 722 Belgicis
1181 643 1377 710 tumultibus

284 737 524 804 calvinistarum
548 737 657 802 lurore
682 736 863 803 concitatis.
888 735 1013 803 interea
1036 744 1142 804 temen
1167 741 1372 818 55551569,

286 837 388 917 legem
419 836 641 918 promulgante
669 835 900 916 christophore
925 836 1113 914 santctisic,
1131 843 1285 904 statutum
1312 841 1375 907 tuit

282 937 315 1001 in
341 935 499 1002 coenobio
522 935 712 1002 Loraniensi
735 934 859 1000 institui
883 935 1092 1001 seminarium
1118 938 1312 1016 studiorum,
1328 941 1371 1005 ad

282 1035 367 1119 quod
383 1033 578 1117 sejuniores
600 1033 822 1116 augustiniani
845 1051 884 1099 cx
909 1033 981 1100 aliis
997 1037 1209 1102 conventibus
1221 1039 1375 1118 conterre

281 1135 446 1202 deberent.
464 1134 526 1200 Sed
549 1151 603 1200 res
625 1133 667 1199 ch
690 1141 870 1214 temporum
894 1133 1044 1215 injuriam
1061 1151 1124 1199 nun
1140 1152 1372 1219 usquequaque

280 1234 427 1300 obtinere
444 1233 563 1314 potuit;
588 1233 687 1314 etqui
711 1232 763 1296 hic
777 1225 991 1298 'morabantur
1013 1233 1164 1310 studiosi,
1181 1251 1266 1300 anno
1289 1237 1374 1301 tete

282 1333 513 1414 praelectiones
535 1331 739 1412 excipiebant
760 1347 832 1396 curn
859 1330 1029 1397 doctorum
1059 1331 1306 1400 lovaniensium
1333 1333 1368 1400 in

280 1433 391 1498 schola
416 1432 599 1498 academica
633 1439 698 1496 turn
729 1430 951 1512 professorum
973 1427 1006 1494 in
1028 1431 1167 1514 collegio
1192 1433 1368 1501 societatis

279 1535 366 1597 lesu.
388 1531 486 1597 Erant
509 1540 573 1596 tum
598 1547 732 1596 numero
756 1529 861 1611 pauci,
886 1533 944 1596 sed
968 1541 1139 1597 accrevero
1158 1532 1270 1614 paucis
1294 1541 1369 1616 post

278 1629 373 1697 annis
388 1631 427 1696 ad
443 1629 651 1713 quadraginta
666 1637 721 1694 aut
735 1629 875 1694 circiter.

320 1796 502 1863 Guilelmus
514 1797 701 1878 Nucquoert,
716 1793 937 1870 lovaniensis,
948 1811 1059 1861 sacrae
1072 1795 1253 1878 theologiae
1264 1795 1369 1862 lector

277 1893 524 1959 5555551589.
543 1894 577 1958 15
594 1894 672 1958 urbe
695 1893 796 1972 patria
812 1893 959 1958 ordinem
982 1893 1085 1958 suncti
1103 1894 1273 1976 Augustini
1291 1912 1368 1976 pro·

279 1994 397 2070 lessus,
424 2009 537 2058 sacrae
567 1993 748 2073 theologiae
775 1991 1024 2064 baccalaureus.
1050 1995 1172 2072 primus
1200 2010 1218 2058 5
1243 1994 1367 2060 sedatis

279 2092 415 2174 Belgicis
446 2092 634 2157 tumultibus
664 2107 780 2172 regens
810 2090 1000 2168 instituitur,
1033 2091 1239 2157 continuatus
1268 2093 1365 2159 annis

279 2192 359 2256 1599
388 2201 419 2256 51
452 2191 547 2266 1595;
578 2208 642 2272 quc
672 2190 783 2255 ultimo
812 2206 908 2268 anno,
939 2190 979 2254 14
1008 2189 1130 2272 aprilis,
1162 2190 1196 2256 in
1226 2191 1369 2274 capitulo

278 2291 429 2373 hngiensi
446 2290 651 2372 provincialis
671 2291 794 2354 electus
810 2297 870 2356 est.

321 2455 502 2524 Guilielmtts
528 2456 593 2520 Van
614 2453 718 2528 Achai,
742 2453 1020 2537 Sylvaeducensis,
1048 2469 1158 2521 sacrae
1184 2453 1369 2538 theologiae

279 2557 398 2632 leutor;
416 2555 467 2620 cui
490 2571 575 2620 anno
602 2553 681 2618 1591
698 2553 892 2636 stipendium
919 2554 1080 2634 penditur,
1099 2561 1268 2637 postquam
1290 2562 1367 2621 octo

279 2655 445 2720 mensibus
460 2655 625 2719 docuerat.

318 2805 432 2866 Petrus
455 2802 607 2866 Ernestuc
628 2797 823 2874 Sonsbehius,
844 2797 1080 2874 ,Gandavensis
1105 2799 1137 2862 in
1161 2798 1241 2864 urbe
1264 2797 1366 2879 patria

278 2918 362 2966 anno
386 2901 465 2964 1585
489 2899 633 2964 ordinem
656 2899 837 2980 protessus,
861 2913 946 2962 anno
969 2897 1049 2960 1595
1071 2897 1208 2962 docebat
1229 2897 1365 2962 alternis

278 3001 380 3073 horis,
399 3001 476 3064 hora
500 3000 653 3074 secunda,
678 3015 751 3062 curn
774 2998 933 3078 sequenti.
950 2997 1026 3062 Erat
1048 3013 1160 3062 sacrae
1184 2996 1367 3078 theologiae

279 3101 394 3165 doctor
420 3100 451 3162 ln
481 3098 650 3164 Academia
677 3096 880 3171 boveniensi,
910 3096 962 3160 ubl
989 3095 1195 3161 scholasticis
1222 3097 1367 3177 praelec-

278 3198 420 3265 tionibus
442 3207 473 3262 et
495 3197 598 3261 doctis
621 3195 833 3261 concionibus
855 3194 1015 3272 inclaruit,
1040 3196 1120 3259 adeo
1144 3195 1312 3271 t'acundus,
1330 3202 1365 3260 ut

276 3298 462 3364 cathedram
485 3296 657 3360 oratoriam
674 3293 909 3368 conscendens,
935 3294 963 3358 si
988 3303 1053 3358 tum
1077 3305 1300 3374 argumentum
1322 3293 1367 3358 ab

278 3395 448 3461 haereticis
464 3395 493 3460 ei
517 3403 762 3475 proponeretur,
779 3393 819 3457 de
835 3409 873 3456 co
889 3392 1049 3472 externplo
1072 3393 1259 3458 dissereret.
1277 3391 1367 3457 Obiit

277 3494 428 3561 Coloniae
451 3494 489 3557 15
512 3491 693 3558 decembris
716 3489 807 3566 1605,
824 3507 908 3554 5555
931 3491 1042 3554 aetatis
1065 3490 1130 3565 3l0,
1148 3489 1366 3571 professionis

276 3594 340 3670 20⁰,
350 3593 523 3658 sacerdotii
541 3591 607 3666 ¹8⁰3
625 3587 747 3654 relictis
763 3587 880 3652 ibidem
896 3589 1107 3654 concionibus
1120 3587 1360 3670 manuscriptis

279 3709 440 3773 nunquam
458 3701 568 3772 postca
585 3689 691 3754 editis.

316 3843 451 3906 lecturas
479 3840 657 3912 Ardentius,
678 3853 737 3900 una
775 3851 847 3900 cum
878 3836 972 3901 Petro
1002 3836 1138 3900 Ernesto
1168 3835 1362 3912 Sonsbekio,

275 3939 407 4005 alternis
424 3941 513 4002 horis
529 3939 664 4002 docebat
679 3951 764 3999 anno
780 3931 872 3997 1595.

315 4094 457 4155 Nicasius
474 4089 637 4160 Necthens,
651 4102 691 4151 ex
703 4085 833 4160 liillaer,
848 4084 993 4150 ordinem
1008 4084 1174 4165 protessus
1187 4081 1361 4159 llasseleti,

274 4187 326 4253 die
348 4190 368 4251 5
387 4187 468 4269 junii
488 4185 579 4262 1598,
608 4185 643 4250 ht
669 4184 768 4266 patris
795 4183 1001 4264 provincialis
1027 4183 1179 4259 vicarius,
1208 4199 1281 4249 cum
1308 4180 1364 4247 die
