3130 4956
633 463 817 526 -tatl-

183 639 362 706 intendant.
391 641 461 705 llati
483 650 559 707 sunt
580 651 686 708 autem
709 642 970 708 consultissimus
986 641 1134 708 dominus
1150 641 1263 706 doctor

183 738 336 802 tilbertus
351 739 524 815 leoninus,
535 741 700 822 utriusque
713 741 794 822 iuris
813 740 1096 816 doctor,dominus
1111 739 1262 820 syndicus

183 834 347 903 facultatis
360 854 420 902 uua
429 855 503 904 cum
514 839 643 905 domiuo
656 840 813 904 licentiato
827 839 977 922 magistro
988 839 1104 903 Doride
1116 837 1259 920 Sexagio,

185 935 242 1018 qui
257 936 368 1002 eadem
394 937 446 1002 die
468 938 506 1002 ad
528 938 639 1003 horam
660 946 803 1016 quartam
827 947 1031 1018 compareant
1049 947 1080 1004 et
1095 937 1135 1002 de
1150 936 1263 1006 eadent

186 1049 230 1196 {el
242 1041 390 1098 tractent.
407 1035 445 1098 Et
459 1035 508 1100 sic
522 1036 682 1102 conclusit
702 1037 851 1102 dominus
873 1037 1053 1102 decanus.»
1072 1037 1163 1108 Aera,
1179 1033 1263 1108 Vlll,

199 1149 219 1196 n
235 1178 245 1194 .
262 1132 322 1196 135
337 1145 379 1196 r0.

226 1331 287 1394 Die
300 1331 383 1406 lune,
407 1338 511 1396 acuon
532 1335 645 1396 mensis
660 1334 734 1412 julii
750 1333 840 1408 1560,
858 1333 936 1398 hora
953 1341 1063 1414 quarta
1080 1341 1152 1414 post
1168 1331 1263 1400 meri-

185 1428 412 1504 diem,indicta
428 1428 486 1494 fuit
498 1431 659 1511 deputatio
673 1431 842 1508 facultatis,
854 1433 884 1494 in
901 1432 998 1496 rubea
1011 1447 1136 1498 camera
1148 1429 1263 1500 dumus

186 1527 357 1602 facultatis,
375 1545 447 1594 cum
473 1529 593 1610 aliquot
615 1530 809 1606 senioribus,
828 1548 925 1610 super
947 1529 1093 1610 sequenti
1115 1527 1261 1602 articulo,

184 1625 335 1692 videlicet
350 1627 388 1690 ad
411 1627 594 1700 videndum,
612 1644 652 1690 an
671 1628 775 1708 jactus
794 1629 970 1694 'concordie
988 1637 1189 1710 presentatus
1205 1643 1261 1706 per

187 1735 378 1792 executores
404 1727 639 1792 armenteriani
662 1728 800 1808 placeret
827 1728 978 1792 facultati.
1002 1728 1036 1792 ln
1052 1743 1113 1808 qua
1131 1727 1262 1807 deputa-

187 1823 276 1890 tione
301 1835 352 1890 est
377 1826 586 1892 deliberatum
612 1842 669 1908 per
690 1827 835 1892 seniores
858 1835 889 1890 et
908 1826 1112 1912 jurisperitos
1134 1825 1263 1894 modum

185 1929 361 1994 concordio
376 1947 435 2010 per
449 1945 508 1994 eos
523 1929 696 1994 exhibitum
714 1947 776 1995 uon
793 1946 890 2010 posse
906 1929 1004 2011 recipi
1020 1947 1037 1992 a
1053 1929 1212 2002 facultate,
1226 1944 1265 1998 eo

184 2026 271 2106 quod
289 2027 504 2106 prejudicaret
518 2026 669 2104 facultati,
680 2044 736 2092 seu
750 2027 910 2110 magistris
922 2027 992 2090 Lilii
1008 2034 1039 2092 et
1052 2026 1263 2110 pauperibus;

185 2131 218 2189 et
243 2124 286 2188 ita
312 2125 495 2190 facultatem
522 2125 705 2192 decreuisse
731 2143 860 2191 manere
882 2126 913 2188 in
937 2126 1020 2191 facto
1042 2143 1113 2200 suo,
1130 2140 1266 2204 eumque

185 2223 268 2288 uelle
282 2223 438 2298 retinere,
455 2240 549 2306 quem
565 2231 728 2305 regentem
750 2224 839 2306 prius
854 2224 1080 2300 instituissent,
1096 2223 1167 2288 sine
1183 2239 1264 2288 novo

186 2329 270 2398 actu,
288 2321 359 2386 sine
386 2322 562 2403 preindicio
587 2323 687 2404 partis
712 2322 862 2396 alterius;
886 2323 1012 2388 interim
1034 2339 1071 2387 sa
1086 2337 1204 2402 cupere
1226 2320 1265 2386 ab

185 2421 427 2494 executoribus,
445 2431 478 2486 ut
500 2420 578 2485 ilico
593 2438 650 2485 sua
663 2421 734 2502 jnra
751 2431 872 2502 parent,
892 2431 935 2494 ut,
953 2422 1180 2502 quantocitius
1197 2419 1265 2486 fieri

186 2521 315 2600 poterit,
335 2519 501 2600 utriusque
524 2523 622 2601 partis
639 2519 832 2584 munimenta
850 2521 1056 2585 desumendis
1073 2538 1128 2600 par
1148 2529 1265 2585 utram-

185 2635 247 2698 que
263 2627 386 2699 partem
402 2618 543 2693 arbitris,
561 2619 614 2699 qui
631 2635 697 2682 rem
721 2619 868 2682 decidant
884 2618 986 2692 tsicuti
1005 2619 1036 2680 in
1053 2619 1266 2684 collocutione

184 2717 410 2798 deputatorum
427 2717 584 2782 facultatis
599 2733 671 2780 cum
689 2717 840 2798 predictis
856 2717 1079 2782 executoribus
1100 2717 1218 2780 dictum
1234 2722 1266 2780 et

184 2825 378 2881 conuentum
406 2816 495 2896 prius
521 2816 634 2892 fuerat)
662 2815 744 2878 tradi
766 2825 798 2879 et
822 2815 976 2879 committi
996 2815 1132 2895 possint,
1151 2823 1184 2878 ut
1201 2813 1264 2878 cito

185 2930 237 2980 ras
260 2913 462 2980 terminetur.
490 2914 542 2978 Sic
567 2923 632 2978 tum
660 2914 869 2978 deliberatum
893 2921 957 2988 est;
981 2923 1012 2977 et
1040 2913 1081 2977 ita
1107 2911 1266 2978 conclusit

185 3011 336 3080 domiuus
352 3012 504 3078 decanus.
524 3012 647 3087 encra,
667 3011 745 3088 Vlll,
763 3011 817 3076 fol.
834 3011 893 3074 135
908 3023 939 3073 r⁰
950 3019 981 3076 et
996 3023 1039 3075 νο.

225 3209 413 3282 namurco,
427 3207 589 3289 aaa·julii
605 3206 697 3282 teon,
714 3207 832 3272 indicta
850 3217 899 3270 est
914 3206 1077 3286 deputatio
1093 3203 1263 3278 facultatis,

186 3306 218 3370 in
240 3305 339 3370 rubea
361 3322 486 3370 camera
503 3307 618 3372 domus
637 3305 808 3379 facultatis,
827 3323 897 3370 cum
925 3305 1046 3386 aliquot
1070 3302 1262 3376 senioribus,

183 3405 223 3468 ad
239 3403 483 3468 deliberandum
499 3421 597 3484 super
612 3404 823 3484 sequentibus
839 3403 983 3468 articulis
999 3425 1007 3466 :

226 3602 387 3678 Secundo,
414 3602 451 3666 ad
479 3601 738 3666 constituendum
757 3609 930 3681 regentem,
947 3600 1001 3682 qui
1021 3599 1153 3664 firmiter
1169 3597 1263 3677 peda-

183 3699 281 3780 gogio
307 3699 402 3778 [Lilii]
428 3699 536 3778 presit,
564 3708 595 3764 et
617 3698 658 3762 sit
680 3698 720 3764 de
747 3700 888 3780 regentia
907 3709 1026 3772 certus,
1051 3707 1202 3778 quantum
1224 3697 1262 3760 ad

184 3795 367 3864 facultatem
393 3798 528 3880 pertinet
547 3807 600 3861 aut
624 3796 784 3876 pertinere
808 3797 909 3876 possit
931 3814 968 3860 ac
990 3797 1028 3859 ad
1049 3796 1219 3876 magistros
1234 3804 1266 3860 et

184 3912 356 3976 pauperes.
374 3896 492 3968 Tertio,
510 3913 550 3958 an
567 3895 689 3976 placeat
705 3895 842 3975 aliquos,
861 3906 926 3960 tres
943 3895 1092 3960 videlicet
1114 3905 1167 3957 aut
1188 3910 1266 3974 qua-

184 4002 270 4070 tuor,
288 4011 327 4060 ex
353 3994 503 4060 facultate
528 3995 616 4059 uiros
643 3993 857 4074 intelligentes
873 3993 1003 4073 eligere,
1028 3993 1081 4076 qui
1105 3992 1264 4072 negotium

185 4091 380 4174 intelligant.
393 4091 430 4155 nt
443 4092 465 4156 ii
480 4102 585 4173 agant,
604 4101 697 4172 prout
711 4091 772 4168 ipsi
789 4092 964 4174 pedagogio
980 4091 1128 4172 expedire
1140 4089 1262 4170 judica·

183 4189 275 4268 hunt,
300 4207 342 4256 ne
364 4199 427 4254 tam
449 4193 631 4272 frequenter
652 4191 691 4254 ad
713 4191 861 4254 dominns
879 4192 919 4254 de
935 4191 1081 4255 facultate
1098 4204 1264 4256 recurrere
