3186 4942
682 387 867 454 ..359-

226 587 364 653 quorum
387 571 452 636 duo
478 569 542 652 igni
566 569 673 635 traditi
697 569 798 636 luere.
819 569 892 648 (Cir.
920 569 1121 644 Draacxseas.
1145 573 1315 653 Articcrpiu

229 669 344 734 Christi
367 687 496 734 nascens
518 675 547 733 et
561 687 710 745 crearent,
728 670 779 734 ed.
800 669 874 732 anni
899 667 990 741 1773,
1009 669 1058 743 lV,
1085 685 1137 750 pp.
1156 669 1168 732 l
1184 680 1216 734 et
1231 674 1315 752 sqq.)

230 765 317 834 Idem
345 769 584 850 equanimes,
610 775 644 834 ut
668 775 737 835 erat
752 767 882 850 ingenio
906 769 973 831 acri
1001 767 1154 833 haereses
1176 767 1256 833 istas
1282 769 1314 832 in

229 951 415 1016 Eucharistiae,
439 969 569 1022 expresse
593 952 622 1006 in
645 952 798 1024 Scriptura.
824 979 859 994 ·-
878 951 906 1006 2.
928 953 990 1006 Non
1012 957 1053 1007 est
1079 951 1108 1006 iu
1132 951 1314 1021 indulgentiis

227 1043 430 1100 confidendum.
446 1071 483 1084 -·
496 1043 524 1098 3.
545 1044 622 1114 Papa
641 1043 829 1114 indulgentias
848 1043 915 1122 dape
932 1059 986 1097 non
1007 1049 1106 1114 potest.
1121 1073 1158 1084 —
1172 1043 1199 1098 i.
1222 1043 1314 1098 ludul-

227 1135 338 1206 gentiae
348 1152 403 1190 non
416 1141 481 1188 suut
493 1133 626 1190 efficaces.
645 1165 678 1175 -
688 1135 716 1192 5.
733 1135 832 1188 Omnia
844 1151 927 1206 opera
942 1139 1099 1189 sanctorum
1113 1139 1225 1204 peccate
1238 1138 1313 1198 sunt,

226 1243 261 1280 ac
280 1224 466 1280 misericordia
488 1223 646 1293 ignoscente
665 1241 698 1278 ac
717 1223 875 1283 remittente
894 1229 986 1294 egent.
1008 1255 1044 1264 -
1064 1223 1091 1278 6.
1115 1225 1198 1278 Nulla
1218 1223 1315 1279 merita

228 1321 386 1370 sauctorum
397 1315 462 1369 aliie
474 1315 608 1388 applicari
624 1319 748 1386 possunt.
761 1345 795 1356 -
806 1316 834 1372 t.
851 1315 951 1369 Nullus
961 1321 1002 1369 est
1016 1315 1155 1369 Ecclesiae
1169 1314 1316 1368 thesaurus

229 1413 339 1478 praeter
351 1405 454 1462 Christi
470 1405 576 1468 merita,
591 1423 663 1477 quae
676 1406 820 1462 dumtaxat
834 1423 882 1476 per
904 1405 1045 1460 Christum
1059 1406 1208 1477 unicuique
1223 1421 1318 1460 secun-

227 1499 295 1552 dum
314 1515 392 1552 suum
412 1498 493 1550 fidem
507 1495 692 1567 applicantur.
707 1525 743 1538 -
763 1496 791 1554 8.
815 1495 951 1552 Lutharus
964 1513 1026 1550 cum
1047 1514 1097 1550 sua
1116 1497 1241 1552 doctriua
1261 1513 1316 1550 uon

229 1595 271 1645 aet
295 1589 419 1659 legitime
443 1605 492 1658 par
517 1587 609 1642 sedem
634 1587 815 1659 apostolicam
840 1587 1048 1644 condemnatus.
1077 1619 1111 1628 -
1134 1585 1162 1644 9.
1185 1587 1316 1644 Liberum

228 1680 374 1735 arbitrium
398 1697 511 1734 suorum
536 1685 649 1734 actuum
675 1679 839 1733 interiorum
864 1695 919 1733 non
942 1682 983 1734 est
1005 1693 1089 1732 causa
1110 1677 1244 1748 allectiva,
1269 1679 1316 1734 sed

229 1776 336 1826 tautum
346 1771 495 1842 receptiva,
506 1770 544 1825 ita
555 1775 586 1824 ut
595 1770 738 1824 dumtaxat
747 1769 781 1824 ad
796 1785 828 1824 aa
842 1785 871 1824 ee
882 1769 982 1824 habeat
993 1769 1110 1840 passive.
1124 1799 1159 1811 --
1173 1769 1215 1827 l0.
1229 1772 1317 1825 Omne

227 1879 297 1934 opus
319 1862 400 1916 liberi
423 1861 541 1929 arbitrii,
566 1861 759 1932 quodcumque
781 1861 894 1924 bonum,
919 1867 1061 1932 peccatum
1084 1865 1135 1925 est,
1160 1877 1244 1931 egene
1268 1861 1317 1917 Dei

229 1953 415 2009 misericordia
429 1953 587 2023 ignoscente
600 1958 626 2006 et
641 1951 808 2007 remittente.
821 1981 856 1992 -
873 1951 916 2007 ll.
931 1952 1073 2024 Quidquid
1086 1953 1146 2022 agit
1159 1952 1241 2008 homo
1254 1959 1318 2008 aute

227 2045 343 2114 gratiam
354 2045 554 2115 justificantem
569 2048 710 2114 peecatum
727 2049 779 2101 est.
795 2073 825 2084 —-
849 2043 891 2098 it.
908 2043 996 2098 Unica
1010 2044 1133 2108 reiectio,
1148 2047 1174 2099 et
1188 2063 1205 2099 a
1218 2045 1319 2100 ceteris

228 2136 339 2190 cibariis
364 2136 532 2190 abstinentia
556 2135 785 2190 irrationabiliter
809 2140 933 2206 tempore
954 2135 1056 2206 jejunii
1084 2137 1262 2207 praecipitur,
1290 2142 1318 2192 et

228 2231 323 2282 contra
343 2227 513 2298 scripturam
533 2243 649 2281 sacram.
666 2255 701 2269 -
720 2226 928 2281 lacerarunt
949 2233 1014 2281 sunt
1028 2227 1107 2282 liberi
1127 2228 1162 2281 ab
1181 2227 1317 2298 ejusmodi

223 2318 393 2390 jeJuuiorum
416 2318 597 2373 observantia.
614 2349 649 2358 -
667 2316 709 2372 lt.
726 2319 783 2372 Nee
802 2317 861 2388 ipsa
885 2317 951 2372 tacit
968 2319 1002 2371 ad
1023 2318 1223 2373 observantiam
1247 2318 1319 2390 legia

228 2409 288 2465 Dei.
305 2441 340 2450 —
363 2409 406 2464 15.
424 2408 541 2463 Dubium
561 2413 613 2476 est,
628 2425 663 2463 an
683 2409 766 2464 homo
785 2409 872 2480 possit
892 2425 921 2464 se
942 2408 1065 2478 obligare
1084 2415 1148 2463 voto
1167 2409 1201 2464 sd
1221 2425 1318 2481 supra·

226 2499 331 2555 dictum
342 2500 490 2570 jejunium.
506 2531 541 2540 -
559 2499 601 2555 ld.
615 2499 690 2571 Papa
703 2501 746 2554 rel
758 2499 881 2554 Ecclesia
894 2515 944 2554 nec
957 2499 1017 2552 vult
1031 2503 1180 2571 neopotast
1192 2500 1318 2555 subditos

227 2605 291 2645 euos
304 2591 356 2644 sub
374 2607 461 2660 poena
475 2591 579 2660 peccati
593 2591 717 2645 mortalis
731 2590 854 2660 obligare
867 2591 900 2644 ed
923 2590 997 2644 huuc
1010 2606 1131 2655 sensum,
1147 2591 1221 2662 quod
1235 2590 1318 2648 homo

227 2679 433 2750 transgrediens
450 2685 625 2751 praecaptum
646 2681 766 2734 hominis
780 2685 874 2751 peccat
893 2681 1056 2736 mortaliter.
1072 2709 1108 2722 -
1125 2680 1167 2737 17.
1184 2681 1319 2736 Subditue

228 2769 272 2824 eui
284 2770 436 2841 superioris
450 2775 625 2841 praeceptum
639 2771 844 2841 transgrediens
858 2787 892 2826 ex
906 2771 1063 2841 ignorantia
1076 2771 1176 2842 supina
1195 2772 1238 2827 rel
1251 2789 1317 2844 pae-

227 2861 314 2925 aione‚
330 2863 438 2916 secluso
451 2861 592 2928 scandalo,
607 2877 662 2915 uon
679 2865 784 2932 peccat.
799 2889 836 2902 --
853 2860 896 2916 l8.
912 2862 1072 2932 Capitulum
1094 2862 1192 2916 Omnis
1205 2869 1317 2918 utrim-

226 2969 281 3018 que
292 2968 376 3006 secus
390 2951 618 3006 irrationabiliter
628 2952 760 3024 praecipit
774 2953 859 3008 semel
878 2953 907 3006 in
920 2969 995 3008 anuo
1006 2953 1204 3010 confitendum.
1218 2983 1255 2995 -
1271 2954 1315 3012 ts.

227 3041 304 3113 Papa
323 3057 378 3096 non
397 3047 439 3096 est
454 3044 519 3113 jure
541 3041 635 3098 divino
656 3049 740 3114 caput
762 3043 912 3098 Ecclesiae.
933 3073 970 3084 -
989 3043 1036 3099 20.
1059 3045 1158 3100 Petrus
1177 3046 1237 3100 solo
1252 3048 1317 3116 jura

226 3131 347 3188 humano
367 3133 455 3188 iactus
473 3137 516 3188 est
535 3133 640 3204 primus
660 3149 708 3189 seu
728 3151 873 3205 supremus
893 3135 965 3190 inter
983 3137 1134 3206 apostolos.
1157 3164 1194 3178 —·
1213 3135 1260 3191 21.
1281 3137 1316 3190 Et

226 3223 299 3280 idem
315 3225 482 3280 censendum
501 3229 543 3279 eet
555 3224 590 3280 de
602 3225 726 3297 quolibet
740 3225 815 3281 Petri
829 3241 996 3284 successore.
1013 3255 1047 3268 —
1061 3227 1107 3283 22.
1124 3227 1154 3280 ln
1168 3227 1243 3282 omni
1257 3228 1316 3284 loro

225 3321 282 3370 tam
295 3315 428 3372 exteriori
441 3333 524 3388 quam
537 3314 661 3371 interiori
672 3333 768 3371 omnes
780 3317 901 3390 episcopi
912 3322 976 3372 sunt
989 3317 1128 3389 aequales.
1141 3343 1178 3358 -
1187 3318 1233 3372 2³.
1246 3317 1316 3372 Con-

224 3405 322 3460 cilium
344 3405 396 3461 rite
416 3412 613 3476 congregatum
635 3407 757 3477 praecise
779 3411 887 3462 tanturn
908 3408 1035 3463 decidere
1056 3412 1157 3480 potest,
1179 3413 1314 3480 quantum

224 3495 367 3568 Scriptura
389 3513 467 3552 sacra
489 3496 621 3554 continet.
646 3529 681 3538 -
704 3497 751 3553 tt.
772 3499 1010 3569 Concupiscentia,
1032 3515 1104 3571 quae
1127 3499 1155 3552 in
1175 3498 1315 3570 baptisato

224 3587 402 3660 relinquitur,
426 3594 567 3660 peccatum
590 3593 632 3644 eet
654 3589 764 3662 propria
789 3590 894 3645 dietum
915 3595 1011 3646 eontra
1033 3589 1105 3646 banc
1127 3590 1217 3659 legem
1240 3589 1312 3644 Dei:

224 3677 290 3732 Non
312 3686 496 3746 concupisces.
519 3709 554 3721 ·-
573 3679 620 3735 25.
643 3681 713 3736 Caro
732 3681 784 3735 tali
809 3681 1033 3752 concupiscentia
1056 3680 1157 3736 iniecta
1178 3680 1213 3734 ad
1234 3695 1316 3734 omne

223 3785 294 3840 opus
307 3770 387 3825 liberi
401 3771 509 3825 arbitrii
519 3771 673 3840 concurrit;
690 3773 763 3828 unde
774 3772 916 3844 quodlibet
927 3789 996 3843 opus
1010 3771 1162 3826 humanum
1173 3775 1315 3842 peecatum

222 3857 349 3916 efliciurr.
364 3891 401 3904 -
415 3859 461 3916 te.
478 3863 551 3916 ldem
570 3863 737 3918 censendum
755 3869 798 3922 est
811 3865 845 3917 de
864 3863 995 3934 martyrio
1008 3861 1096 3917 sancti
1111 3861 1188 3916 Petri
1205 3867 1236 3916 et
1246 3861 1314 3916 alio-

224 3965 286 4006 rum
304 3957 462 4006 sanctorum
481 3951 618 4025 operibus.
634 3977 672 3994 ·-·
683 3951 731 4008 27.
747 3953 849 4008 Omnes
863 3952 927 4008 laici
947 3955 1012 4006 suut
1031 3951 1196 4007 summata.
1211 3979 1248 3992 ·-
1264 3951 1310 4006 28.

223 4041 276 4106 Qui
300 4047 393 4098 manet
415 4043 444 4097 in
468 4049 579 4115 peccato
599 4044 719 4112 modali,
740 4059 796 4102 nou
819 4049 911 4100 maaet
930 4043 958 4098 in
979 4043 1126 4114 baptismo,
1146 4041 1310 4106 racem,

222 4127 380 4205 episcopatu
394 4133 437 4188 rel
452 4139 564 4206 papatu.
580 4133 673 4191 atil.
687 4133 867 4207 Displiceutia
880 4135 914 4190 de
927 4135 1048 4206 peccetis
1060 4132 1187 4188 admissis
1200 4147 1253 4188 non
1268 4141 1310 4188 eat
