3252 4954
743 416 927 480 -taa-

290 602 323 665 in
350 599 510 682 theologia
540 607 571 664 et
600 598 739 680 collegio
774 597 891 663 llontis
920 594 1012 661 acuti
1048 593 1080 656 in
1111 600 1219 658 moute
1249 599 1387 656 sanctae

290 699 470 765 Genovelae
501 697 694 762 Parisiensis
719 697 873 779 magistri,
904 695 996 760 nobis
1025 694 1130 759 oblata
1163 691 1272 772 nerino
1302 706 1380 754 con-

290 797 423 872 tinebat,
441 795 539 878 quod,
559 806 727 878 postquam
751 797 830 860 alias
848 811 906 875 oro
926 804 1014 874 parte
1037 792 1112 856 dicti
1128 790 1262 856 loannis
1286 805 1381 853 sane-

292 897 416 961 tissimo
433 895 465 958 in
482 894 617 960 Domino
635 895 715 976 patri
739 905 771 959 et
787 895 918 958 domino
943 902 1055 957 nostro
1070 890 1250 954 Alexandro
1272 887 1378 951 divina

291 995 494 1060 Providentia
523 1011 622 1074 napae
650 1003 741 1059 sexto
769 993 950 1074 expositum
979 991 1048 1064 luit,
1076 988 1174 1070 quod,
1202 988 1277 1051 licet
1302 986 1378 1051 olim

290 1095 400 1175 plures
426 1093 530 1158 literis
556 1094 658 1157 sacris
685 1107 815 1172 operam
839 1091 916 1155 dare
943 1089 1147 1154 intendentes
1173 1088 1211 1152 ad
1237 1085 1379 1150 studium

292 1192 474 1256 Parisiense
489 1191 654 1256 confluere
677 1202 708 1256 et
725 1191 756 1253 in
780 1191 885 1270 aliquo
903 1188 1112 1268 collegiorum
1139 1184 1277 1249 civitatis
1294 1183 1376 1246 Pari·

291 1290 410 1354 siensis
446 1289 546 1370 recipi
577 1300 608 1354 et
637 1305 676 1354 cx
706 1289 863 1353 fructibus
893 1287 1104 1368 collegiorum
1141 1283 1384 1366 praedictorum·
1449 1279 1454 1286 '

291 1389 465 1453 sustentari
492 1387 579 1452 soliti
607 1396 728 1462 essent,
760 1389 815 1451 sed
846 1403 931 1451 rtunc
960 1385 1094 1466 collegia
1124 1381 1285 1464 praedicta
1312 1379 1379 1460 ple·

291 1503 426 1568 rumque
449 1487 644 1568 perdivites
668 1487 861 1567 illorumque
884 1487 1008 1550 fructus
1031 1492 1239 1563 occupantur,
1266 1479 1382 1544 necin

291 1603 467 1668 oarrpcrum
494 1587 689 1651 scholarium
717 1585 897 1649 subsidium
922 1585 998 1648 illuc
1025 1581 1254 1648 coufluentium
1281 1595 1378 1659 expu-

292 1696 421 1762 nuntur,
439 1686 528 1750 sed
521 1704 551 1749 m
580 1686 766 1750 eorumdem
787 1685 919 1763 divitum
946 1684 1111 1748 utilitatem
1135 1688 1377 1746 convertuntur

290 1785 359 1860 Quo
373 1784 418 1857 ht,
436 1793 470 1847 ut
486 1801 578 1864 quam
596 1782 747 1862 plurimi'
736 1800 873 1863 iuvenes
890 1782 1095 1864 perspicacis
1107 1779 1240 1856 ingenii,
1258 1776 1387 1842 relictis-

293 1883 492 1964 parentibus,
507 1898 673 1946 sacrarum
689 1882 853 1947 literarum
870 1881 990 1962 cupidi,
1002 1882 1040 1943 ad
1058 1879 1203 1944 camdem
1220 1861 1379 1940 cavitatem

292 1983 459 2046 venientes
489 1991 521 2046 et
550 1998 586 2046 se
616 1981 778 2045 sustinere
809 1997 872 2045 non
900 1981 1055 2054 valentes,
1085 1978 1248 2042 literarum
1275 1974 1388 2038 studia-

293 2081 424 2159 penuria
441 2079 622 2160 relinquere
637 2079 753 2154 coacti,
769 2080 808 2142 ad
825 2079 993 2144 artificium
1010 2077 1152 2158 aliquod,
1171 2084 1204 2139 nt
1227 2074 1301 2137 inde
1317 2073 1379 2136 sibi
1430 2064 1433 2070 ’

292 2178 412 2242 victum
429 2185 631 2258 quaererent,
650 2177 812 2242 declinare
827 2177 1070 2259 compellamur.

336 2277 374 2340 Et
400 2285 570 2357 propterea
596 2277 666 2357 ipsc
693 2275 834 2339 loannes
861 2293 877 2338 a
907 2275 1017 2354 paucis
1055 2273 1148 2337 annis
1177 2271 1258 2336 citra
1287 2285 1389 2334 unam-

295 2375 424 2440 domnm
441 2375 473 2437 in
490 2375 576 2438 dicto
592 2374 728 2455 collegio
744 2374 861 2438 hloutis
878 2374 969 2439 hcuti
993 2391 1050 2454 pro
1067 2371 1263 2454 pauperibus
1286 2368 1381 2434 scho-

295 2473 429 2549 laribuS,
453 2473 507 2554 uui
530 2473 561 2536 iu
584 2473 707 2537 artibus
735 2473 922 2537 liberalibus
950 2482 982 2537 et
1008 2473 1109 2536 sacris
1134 2470 1238 2534 literis
1264 2468 1381 2532 ibidem

295 2587 426 2652 operam
449 2573 527 2636 dare
553 2572 682 2646 vellent,
701 2572 908 2652 recipiendis,
925 2571 1018 2636 lectis
1040 2581 1073 2636 et
1094 2570 1166 2633 aliis
1191 2567 1382 2633 utensilibus

295 2670 448 2745 fulcitam,
465 2671 610 2736 construi
633 2681 665 2735 et
686 2669 849 2735 aedificari
874 2671 961 2746 lecit,
979 2681 1011 2735 et
1033 2679 1140 2735 certos
1163 2675 1383 2748 competentes

296 2769 443 2834 redditus
456 2772 487 2831 in
504 2769 691 2834 eorumdem
708 2786 894 2848 pauperum,
909 2769 1026 2833 ibidem
1043 2768 1239 2850 degentium,
1253 2774 1382 2830 susten-

294 2867 459 2940 talionem,
478 2879 508 2931 et
533 2885 596 2932 non
623 2869 653 2930 in
671 2869 752 2932 alius
770 2885 848 2932 usus
875 2868 1123 2942 convertendos,
1140 2868 1243 2932 eidem
1271 2864 1380 2931 domui

296 2966 487 3046 assignarim
506 2976 537 3031 et
552 2967 721 3048 quamdam
746 2983 901 3041 normam,
916 2970 1005 3048 juxta
1021 2985 1115 3048 quam
1138 2966 1269 3048 praelati
1287 2965 1383 3028 scho-

296 3065 381 3129 lares
397 3066 428 3128 in
445 3067 557 3130 eadem
581 3065 678 3132 domo
702 3066 809 3131 virere
825 3067 981 3132 deberent
1000 3078 1032 3133 et
1048 3076 1243 3140 tenerentur,
1263 3079 1384 3146 ponere

297 3172 328 3228 et
343 3162 494 3228 ordinare
509 3164 712 3241 intendebam
730 3167 771 3228 ita
784 3166 869 3246 quod
887 3166 997 3230 liceret
1013 3165 1073 3230 sibi
1090 3165 1187 3238 illam,
1203 3161 1382 3227 rationabili

297 3279 393 3327 causa
410 3263 579 3338 suadente,
596 3265 721 3328 variare
736 3274 767 3328 et
783 3265 937 3340 limitare;

339 3362 426 3427 ldem
440 3363 590 3426 dommus
603 3380 683 3443 papa
696 3363 800 3428 erdem
812 3364 939 3438 loarrm
954 3363 1051 3444 quod,
1066 3373 1232 3444 postquam
1246 3317 1381 3434 fructus,

297 3459 444 3525 redditus
473 3471 505 3524 et
536 3472 709 3540 proventus
740 3480 799 3542 pro
831 3463 1067 3526 sustentatione
1099 3461 1294 3527 scholarium
1325 3474 1382 3540 pro

297 3559 495 3640 temporem
521 3559 606 3624 dicta
630 3561 725 3624 dumo
749 3562 933 3641 degentium
957 3579 994 3625 ea
1020 3561 1218 3634 conditione,
1237 3557 1356 3640 quod
1349 3574 1381 3620 rn

296 3658 505 3728 aliumnullo
531 3677 669 3740 uuquam
693 3670 836 3741 tempore
861 3678 952 3724 usum
969 3661 1114 3726 converti
1139 3669 1283 3740 possent,
1301 3657 1383 3721 assi-

296 3768 439 3839 gnasset,
457 3774 494 3822 ac
511 3775 666 3835 normam,
680 3759 768 3840 juxta
785 3777 878 3841 uuam
896 3761 1027 3840 praelati
1040 3761 1219 3836 scholares,
1237 3759 1269 3821 in
1285 3757 1382 3822 domo

298 3855 481 3936 huiusmodi
509 3858 674 3939 degentes,
701 3859 808 3924 vivere
834 3861 999 3939 deberent
1014 3871 1045 3924 et
1074 3869 1270 3934 tenerentur,
1296 3855 1384 3921 ordi-

299 3965 425 4030 nasset;
454 3965 485 4020 et
514 3966 625 4036 postea
654 3956 838 4036 hrrjusmodi
868 3958 1138 4023 ordinationem
1130 3976 1163 4020 rn
1193 3957 1298 4037 aliqua
1325 3969 1382 4018 sua

299 4063 400 4137 parte,
418 4054 597 4118 rationabili
621 4071 717 4119 causa
740 4065 771 4119 et
795 4058 949 4137 temporis
972 4058 1124 4150 qualitate
1148 4055 1177 4119 id
1205 4069 1385 4135 exposcen-

299 4149 397 4224 tibus,
414 4152 596 4225 alterasset‚
610 4169 667 4218 seu
685 4153 852 4218 limitasset
867 4156 1125 4233 concessionem,
1143 4154 1384 4234 denotationem
