3202 4948
675 443 859 507 -301-

260 617 383 700 Alipins
401 618 652 700 Cothlpnasoone,
670 633 840 705 postquam
857 623 987 689 lovanii
1004 625 1035 688 in
1053 623 1311 708 6616616366-

220 715 339 780 tinianu
356 716 472 781 studiis
488 718 679 800 theologicis
705 721 907 796 incumbens,
926 722 944 786 8
960 723 1086 804 augusti
1112 723 1188 786 anni
1213 723 1309 801 1661,

220 815 368 895 praeside
383 815 556 880 Francisco
571 817 783 900 Farvacques,
802 822 922 900 theses,
941 821 1057 903 quibus
1074 822 1185 886 titulus
1204 840 1212 885 :
1232 823 1308 887 Ceu-

221 913 358 994 tilopium
379 915 574 996 theologicam
597 936 636 980 aar
659 919 808 1000 Gregorio
828 921 865 984 dc
885 922 1028 984 Arimino
1051 929 1077 984 ct
1098 923 1201 984 citatis
1224 922 1261 985 ab
1276 941 1311 986 co

219 1016 263 1078 11.
281 1016 319 1077 Ρ.
337 1017 502 1094 depretiat
523 1015 820 1094 cohaereticorum,
840 1030 1090 1102 propugnasset,
1109 1021 1308 1086 constitutus
1422 1092 1426 1100 ,

221 1111 279 1175 1611
295 1113 461 1192 professor
477 1114 656 1196 theologiae
671 1117 703 1178 in
727 1117 885 1181 coenobio
908 1117 1134 1198 diriverpiensi
1150 1120 1309 1189 (thesibus

221 1210 359 1292 publicis
380 1211 498 1276 ibidem
523 1215 918 1296 praeseditiiseptembris
941 1216 1053 1295 totth
1072 1226 1195 1298 postca,
1215 1219 1309 1282 annis

222 1326 335 1390 nempe
361 1311 441 1374 1671
464 1312 608 1389 611678,
635 1314 765 1378 Lovanii
788 1315 871 1395 apud
892 1333 972 1381 suos
988 1317 1168 1382 doctrinam
1185 1333 1311 1381 sacram

220 1410 411 1489 explicavit;
444 1427 515 1475 nam
544 1412 584 1474 16
613 1415 740 1494 augusti
771 1414 863 1488 1618,
895 1417 966 1496 ipso
998 1415 1158 1495 praeside,
1192 1415 1311 1482 ibidem

221 1508 373 1574 defensae
389 1511 517 1575 fuerunt
532 1511 642 1575 Thesea
654 1512 827 1594 theologice
838 1515 877 1579 dc
888 1515 1007 1577 actibus
1023 1514 1310 1590 hnmaniacorum·

220 1625 279 1687 quc
293 1608 417 1688 repulia,
435 1609 553 1672 anxilio
569 1618 598 1674 ct
608 1613 746 1691 premio.

261 1761 805 1833 8116116666116616666,8161161116
828 1761 975 1826 honestis
999 1760 1185 1841 parentibus
1211 1769 1305 1825 natus

220 1875 305 1922 anno
331 1859 460 1924 circiter
490 1859 581 1923 1663.
609 1861 725 1925 866166
750 1861 931 1942 theologiae
957 1861 1072 1924 doctor
1097 1860 1309 1924 lovaniensis

220 1957 239 2020 9
262 1957 445 2022 novembris
472 1958 563 2034 1686,
587 1959 767 2023 doctrinam
795 1975 919 2023 6611616
943 1959 1026 2038 apud
1053 1958 1309 2039 augustinianos

222 2057 350 2123 Lovanii
379 2059 526 2137 exposuit
552 2058 734 2138 quindecim
763 2059 870 2134 66616,
897 2058 937 2123 ab
964 2075 1048 2122 anno
1079 2057 1206 2122 scilicet
1228 2057 1309 2120 168⁶.>

222 2173 322 2237 usone
339 2156 376 2220 66
391 2171 532 2221 mensem
549 2157 753 2221 decembrem
771 2156 861 2232 1696,
883 2157 1005 2222 1616166
1022 2157 1117 2220 etiam
1134 2155 1308 2236 aliquando

222 2255 362 2335 regentis
378 2255 474 2318 studii
491 2272 624 2320 munere
645 2256 786 2320 functus.
804 2255 871 2318 lam
895 2265 1001 2328 antea,
1020 2255 1146 2320 scilicet
1168 2254 1208 2317 ab
1224 2271 1309 2318 enno

222 2353 311 2426 1680,
326 2354 520 2434 theologiam
547 2355 715 2437 professus
741 2356 844 2419 166161
868 2355 951 2435 apud
979 2371 1057 2419 6666
1084 2355 1117 2416 16
1148 2353 1308 2418 coenobio

220 2453 533 2532 antverpiensiouo
546 2463 613 2518 toto
625 2453 1133 2535 temporeinnumerispraesedit
1146 2453 1306 2520 thesibus.

220 2551 336 2633 quibus
360 2569 422 2615 non
450 2553 554 2615 solnm
578 2553 772 2633 theologiam
796 2552 992 2625 universam,
1017 2553 1074 2616 sed
1101 2560 1132 2614 61
1147 2551 1308 2614 notabiles

219 2668 331 2715 666166
346 2651 530 2731 Scripturas
543 2661 649 2729 partes
660 2651 852 2730 explanavit.
864 2649 918 2714 ssis
934 2650 1097 2724 delinitor,
1117 2649 1217 2713 semel
1232 2665 1306 2728 pro-

220 2749 343 2812 vinciae
365 2749 510 2812 visitator
531 2757 562 2813 et
589 2750 677 2830 prior
700 2750 931 2814 Bruxeliensis.
955 2747 1070 2812 Orator
1094 2747 1252 2811 16666666
1274 2757 1308 2810 61

219 2847 371 2925 61661166,
400 2857 463 2911 tam
492 2848 589 2912 latine
618 2864 713 2928 qnam
743 2849 914 2912 vernacule
944 2848 1121 2912 conciones
1156 2847 1304 2910 habebnt.

218 2947 320 3010 Annis
342 2957 373 3011 et
396 2947 520 3010 16611116
536 2947 661 3027 plenus,
679 2947 757 3010 obiit
772 2946 931 3010 Bruxellis
954 2947 1062 3010 616611
1080 2947 1172 3022 laad,
1190 2945 1305 3010 aetatis

219 3061 297 3110 6666
312 3062 396 3110 6666
413 3046 475 3119 110,
494 3046 706 3125 professionis
723 3045 895 3126 religiosae
910 3045 976 3107 54⁰.

261 3145 306 3210 [le
334 3144 507 3209 Francisco
543 3145 700 3222 Pauwens
735 3145 857 3209 videsis
887 3143 1016 3220 quuor,
1047 3144 1222 3215 Mdmoires,
1253 3141 1305 3206 ed.

219 3245 355 3321 infolio,
374 3245 428 3320 lli,
447 3261 500 3325 pp.
518 3244 669 3308 oea-bat.

258 3399 370 3461 Petrus
394 3397 947 3476 61666616,1611616166616,66166
972 3409 1057 3457 anno
1081 3391 1172 3466 1666,
1191 3407 1304 3455 666166

216 3495 397 3577 theologiae
412 3497 526 3560 doctor
542 3495 750 3558 lovaniensis
767 3495 805 3557 20
822 3491 1007 3558 novembris
1023 3491 1102 3554 1686
1126 3490 1239 3555 eadem
1255 3489 1309 3553 die

221 3610 258 3659 ac
283 3595 445 3660 confrater
474 3612 553 3660 suus
583 3594 766 3659 bernardus
796 3593 964 3665 besirent;
997 3591 1193 3670 theologiam
1223 3587 1308 3669 apud

220 3695 470 3777 augustinianos
494 3694 661 3774 professus
684 3703 734 3759 est
757 3708 818 3758 una
842 3708 914 3756 cum
937 3690 1110 3753 francisco
1133 3688 1306 3762 Pauwens,

221 3794 260 3860 de
276 3811 340 3876 quo
355 3811 463 3874 supra,
482 3792 664 3874 quindecim
687 3793 787 3857 ferme
802 3791 908 3866 annis,
926 3789 966 3853 ab
982 3805 1065 3852 6666
1082 3787 1210 3851 66111661
1226 3784 1307 3863 1682

223 3895 374 3976 usquead
388 3909 530 3958 mensem
540 3893 736 3956 februarium
750 3891 844 3964 1696;
859 3888 1048 3953 difficillimo
1057 3903 1135 3950 sane
1148 3895 1304 3965 ternpore,

221 4011 284 4076 quo
306 3992 500 4075 jansenium,
527 3992 559 4054 S.
584 3991 753 4072 Augustini
779 3990 924 4055 doctrina
948 3987 1032 4052 falso
1060 3985 1171 4060 innixi,
1200 3983 1307 4048 omnia

222 4093 408 4174 perturbare
431 4092 639 4156 conabantur.
665 4090 792 4166 Multae,
815 4090 887 4170 ipso
908 4087 1068 4170 praeside,
1087 4091 1307 4166 propugnatae

222 4193 350 4258 fuerunt
376 4191 495 4266 theses,
522 4189 637 4271 quibus
661 4189 762 4254 sancti
786 4186 969 4269 Augustini,
993 4185 1044 4250 vel
1070 4186 1177 4264 Mupni
1201 4181 1308 4246 Patris
