3252 4954
728 453 849 516 -atu
874 488 910 500 -

317 655 351 699 c.
373 636 502 701 lacrmis
523 631 734 697 Venduillii....
751 635 796 697 [ie
807 633 967 715 principiis
982 639 1011 695 et
1026 633 1189 695 acerrumis
1212 631 1360 695 librorum

270 737 354 816 juris
375 735 510 798 uniuersi
531 735 572 796 od
592 737 769 812 preamium
789 733 1021 814 pandectarum,
1045 733 1107 795 siue
1128 733 1361 795 constitutiones

274 835 433 914 paccdectis
456 834 573 914 prcepipi
593 833 701 895 solitas
727 834 971 896 commentarius.
998 831 1084 912 Opus
1106 829 1315 912 panianum,
1332 839 1362 894 ct

277 941 340 998 tum
369 935 410 996 ad
435 933 665 1014 pandectarum,
696 933 869 1013 codicisque
899 933 1095 1012 partitionem
1125 949 1160 993 ac
1189 931 1361 994 nettccnn

276 1033 398 1112 pacilius
423 1032 650 1112 indaaandatn‘
666 1038 729 1094 tum
750 1031 790 1094 ad
815 1031 964 1094 tollendas
987 1031 1175 1094 antinomias
1196 1031 1361 1094 coricilian-

276 1135 376 1214 daque
383 1133 466 1213 juris
481 1131 546 1194 lom
568 1132 744 1210 inspeciem
762 1132 933 1211 puprtantia
955 1130 1029 1191 actile
1042 1130 1183 1208 inprimis
1205 1149 1241 1192 oc
1255 1147 1360 1192 recces-

277 1233 406 1295 sarium.
445 1229 625 1294 publicabat
662 1229 801 1292 Valerius
836 1228 979 1294 Arrdreas
1020 1227 1183 1291 besselius.
1217 1228 1359 1303 Lovauii,

278 1330 391 1394 Petrus
417 1330 588 1401 Sasseuus,
616 1327 714 1398 libb:
743 1328 805 1392 vol.
838 1326 943 1389 in-ti⁰
970 1325 1028 1390 180
1056 1327 1256 1407 pp.‚cditutn
1287 1343 1359 1390 cum

276 1429 408 1494 Tuldeui
426 1429 469 1492 De
482 1429 643 1511 principiis
652 1429 904 1510 jurisprudentia
919 1428 1004 1490 libris
1019 1429 1037 1492 l
1043 1427 1076 1490 V.

320 1647 332 1682 a
353 1625 502 1688 Pluribus
518 1625 590 1688 aliis
603 1625 844 1688 commentariis
856 1625 895 1688 ad
910 1624 1036 1705 Digesta
1052 1624 1358 1704 subticuissemus,

277 1723 315 1786 ad
347 1733 508 1788 extremos
534 1723 616 1788 vitae
646 1724 715 1787 dies
746 1723 887 1788 intentus
917 1724 974 1786 tuit
1004 1723 1187 1788 laboriosus
1216 1722 1365 1787 Valerius

278 1822 433 1886 Andreas.
471 1821 530 1886 Sed
569 1822 750 1886 communis
785 1823 836 1885 sati
868 1823 917 1886 lex
953 1833 1088 1886 conatus
1119 1822 1188 1902 ejus
1225 1821 1361 1886 reddidit

278 1921 492 2000 imperfectos.
511 1920 624 1984 Latent
637 1921 740 2001 aliqua
754 1921 824 2001 ejas
841 1921 1057 2001 martuscripta
1071 1922 1153 2001 apud
1170 1911 1362 2001 abnepotem

228 2071 231 2079 .
278 2021 314 2080 u.
341 2019 381 2082 dc
408 2019 548 2091 Coeueu.
575 2018 813 2084 vicecousuiem
838 2020 1080 2084 lovaniensem.
1109 2043 1123 2076 a
1147 2021 1191 2084 ita
1214 2021 1363 2098 Focaeus.

277 2119 308 2180 in
327 2116 512 2181 Bibliotheca
526 2119 652 2198 belpica,
670 2119 709 2192 ll,
729 2137 758 2199 p.
779 2119 870 2182 1149.

372 2348 404 2400 D.
420 2378 454 2387 -
470 2349 620 2404 Ouraauns
634 2365 669 2402 un
684 2349 798 2403 Vacante
812 2349 911 2404 Annae
925 2353 1030 2405 nasutis
1043 2367 1078 2404 nu
1093 2367 1258 2407 nuuuscnta.

318 2505 526 2585 Maauscripti
554 2505 683 2568 codices
710 2521 726 2566 a
749 2505 875 2569 Valerio
903 2505 1028 2570 andrea
1052 2506 1171 2571 exarati
1195 2507 1361 2572 exstabant

277 2613 421 2684 tempore
443 2603 562 2667 Natalis
579 2604 702 2685 Paquot
717 2605 799 2684 apud
817 2604 981 2668 scabinum
1003 2603 1234 2669 lovaniensem
1251 2605 1361 2670 Baelo·

279 2719 392 2765 anans:

317 2805 350 2881 a)
377 2801 420 2863 tte
444 2803 638 2880 inscriptione
666 2810 693 2866 et
722 2804 869 2866 diuisione
893 2801 1062 2866 bibliorum
1091 2804 1173 2884 apud
1200 2803 1362 2878 Hebroecs‚·

257 2901 342 2980 ¹vol.
361 2901 441 2963 itu-4⁰
457 2903 474 2962 i
493 2903 691 2982 paginarum.

316 2999 347 3068 b)
368 3001 614 3064 Exercitationes
635 3003 840 3082 prammoticu
866 3005 898 3064 in
923 3004 1026 3081 cupita
1056 3019 1110 3064 sec
1127 3002 1234 3082 priora
1256 3001 1361 3065 liecic-

276 3101 387 3172 siaste‚
415 3099 446 3162 in
475 3100 671 3180 ruargiuibus
700 3101 793 3164 etad
823 3101 920 3164 latera
953 3101 1137 3181 paginarum
1164 3100 1258 3163 istius
1288 3099 1362 3162 libri

279 3197 419 3262 hebraici
443 3199 551 3264 excusi
568 3199 759 3278 buntverpine
782 3199 864 3278 apud
882 3198 1147 3280 christophorum
1165 3198 1357 3272 Plautinum,

279 3298 371 3373 ibit,
387 3298 479 3360 iu-i0.

318 3396 473 3478 apsides
500 3400 671 3478 principum
701 3416 738 3459 ac
765 3397 875 3459 dueum
908 3397 1092 3471 Brubantioe,
1124 3404 1188 3459 tum
1218 3397 1359 3458 cortitum

270 3497 514 3574 louottiensium
531 3515 592 3559 una
611 3515 679 3558 cum
695 3496 776 3558 breui
791 3497 996 3576 descriptione
1007 3495 1173 3574 officioram
1189 3493 1268 3558 aula
1282 3495 1362 3558 Bra·

277 3595 425 3670 bantium·
454 3615 489 3658 ac
518 3597 659 3659 similiter
687 3595 798 3658 ducum
825 3594 1046 3675 Luaemburpt',
1076 3593 1219 3669 (beldrica,
1250 3601 1361 3657 cetero-

278 3712 406 3776 rumque
420 3694 486 3771 [ere
504 3695 597 3774 lielpii
611 3695 782 3776 principum
801 3713 868 3758 eram
885 3695 1077 3772 sinpulornm
1098 3696 1169 3756 uitis
1184 3691 1361 3773 compendio

277 3795 463 3874 conscriptis.
494 3793 582 3874 (llius
615 3795 653 3856 ad
691 3793 882 3858 umbelioum
915 3809 978 3857 uon
1018 3792 1218 3870 perductum.
1252 3790 1360 3856 (lodex

278 3892 516 3971 ritanuscriptus
533 3894 646 3958 unciae
661 3893 887 3958 crassitudine.

317 3990 350 4064 d)
375 3991 481 4055 Oratio
511 3993 548 4056 de
575 3994 744 4056 Natiuitatc
776 3993 911 4072 Virpinis
939 3991 1080 4070 lleiparte
1101 3989 1227 4054 Lucani
1254 3975 1360 4053 bn‘br'tc

276 4090 359 4169 npud
384 4091 450 4154 ΡΡ.
477 4092 771 4155 luculentarum.
800 4089 890 4164 tuiti,
915 4091 967 4168 ciij
991 4089 1178 4170 septembris.
1219 4087 1359 4164 ltu-iulia,

276 4199 431 4253 constans
448 4190 486 4252 tu
503 4190 637 4272 paginis.
