<?xml version="1.0" encoding="UTF-8"?>
<!DOCTYPE html PUBLIC "-//W3C//DTD XHTML 1.0 Transitional//EN"
    "http://www.w3.org/TR/xhtml1/DTD/xhtml1-transitional.dtd">
<html xmlns="http://www.w3.org/1999/xhtml" xml:lang="en" lang="en">
 <head>
  <title>
</title>
<meta http-equiv="Content-Type" content="text/html;charset=utf-8" />
  <meta name='ocr-system' content='tesseract 3.04.00' />
  <meta name='ocr-capabilities' content='ocr_page ocr_carea ocr_par ocr_line ocrx_word'/>
</head>
<body>
  <div class='ocr_page' id='page_1' title='image "./documentsrelati01reusgoog/documentsrelati01reusgoog_0585.png"; bbox 0 0 3252 4954; ppageno 0'>
   <div class='ocr_carea' id='block_1_1' title="bbox 777 493 878 554">
    <p class='ocr_par' dir='ltr' id='par_1_1' title="bbox 713 493 878 554">
     <span class='ocr_line' id='line_1_1' title="bbox 777 493 878 554; baseline 0 -16"><span class='ocrx_word' id='word_1_1' title='bbox 777 493 811 554; x_wconf 78' lang='lat'><strong>11</strong></span> <span class='ocrx_word' id='word_1_2' title='bbox 836 528 878 538; x_wconf 84' lang='grc'>-</span> 
     </span>
    </p>
   </div>
   <div class='ocr_carea' id='block_1_2' title="bbox 250 671 1368 4305">
    <p class='ocr_par' dir='ltr' id='par_1_2' title="bbox 250 671 1343 1051">
     <span class='ocr_line' id='line_1_2' title="bbox 292 671 1341 753; baseline 0.002 -19"><span class='ocrx_word' id='word_1_3' title='bbox 292 672 375 736; x_wconf 91' lang='lat' dir='ltr'><strong>lllll.</strong></span> <span class='ocrx_word' id='word_1_4' title='bbox 400 672 458 748; x_wconf 80' lang='lat' dir='ltr'><strong>Qui</strong></span> <span class='ocrx_word' id='word_1_5' title='bbox 482 683 615 753; x_wconf 90' lang='lat' dir='ltr'><strong>propter</strong></span> <span class='ocrx_word' id='word_1_6' title='bbox 639 674 866 738; x_wconf 90' lang='lat' dir='ltr'><strong>necessitatem</strong></span> <span class='ocrx_word' id='word_1_7' title='bbox 889 673 1001 737; x_wconf 80' lang='lat' dir='ltr'><strong>semla</strong></span> <span class='ocrx_word' id='word_1_8' title='bbox 1024 671 1181 753; x_wconf 77' lang='lat' dir='ltr'><strong>tantisper</strong></span> <span class='ocrx_word' id='word_1_9' title='bbox 1202 673 1341 739; x_wconf 90' lang='lat' dir='ltr'><strong>exeundi</strong></span> 
     </span>
     <span class='ocr_line' id='line_1_3' title="bbox 250 772 1342 854; baseline 0.002 -20"><span class='ocrx_word' id='word_1_10' title='bbox 250 772 412 836; x_wconf 78' lang='lat' dir='ltr'><strong>licentiam</strong></span> <span class='ocrx_word' id='word_1_11' title='bbox 436 773 519 836; x_wconf 93' lang='lat' dir='ltr'><strong>nacti</strong></span> <span class='ocrx_word' id='word_1_12' title='bbox 537 773 667 850; x_wconf 88' lang='lat' dir='ltr'><strong>fuerint,</strong></span> <span class='ocrx_word' id='word_1_13' title='bbox 685 789 779 854; x_wconf 88' lang='lat' dir='ltr'><strong>quam</strong></span> <span class='ocrx_word' id='word_1_14' title='bbox 804 773 941 854; x_wconf 91' lang='lat' dir='ltr'><strong>primum</strong></span> <span class='ocrx_word' id='word_1_15' title='bbox 957 773 1110 846; x_wconf 88' lang='lat' dir='ltr'><strong>redeant;</strong></span> <span class='ocrx_word' id='word_1_16' title='bbox 1130 789 1234 852; x_wconf 89' lang='lat' dir='ltr'><strong>neque</strong></span> <span class='ocrx_word' id='word_1_17' title='bbox 1253 773 1342 854; x_wconf 87' lang='lat' dir='ltr'><strong>juxta</strong></span> 
     </span>
     <span class='ocr_line' id='line_1_4' title="bbox 250 869 1343 946; baseline 0.003 -12"><span class='ocrx_word' id='word_1_18' title='bbox 250 871 396 946; x_wconf 81' lang='lat' dir='ltr'><strong>latrinas,</strong></span> <span class='ocrx_word' id='word_1_19' title='bbox 427 879 481 936; x_wconf 87' lang='lat' dir='ltr'><strong>aut</strong></span> <span class='ocrx_word' id='word_1_20' title='bbox 510 872 583 935; x_wconf 90' lang='lat' dir='ltr'><strong>alibi</strong></span> <span class='ocrx_word' id='word_1_21' title='bbox 614 872 818 946; x_wconf 81' lang='lat' dir='ltr'><strong>delitescere,</strong></span> <span class='ocrx_word' id='word_1_22' title='bbox 847 869 1059 944; x_wconf 89' lang='lat' dir='ltr'><strong>confabulari,</strong></span> <span class='ocrx_word' id='word_1_23' title='bbox 1091 881 1146 936; x_wconf 90' lang='lat' dir='ltr'><strong>aut</strong></span> <span class='ocrx_word' id='word_1_24' title='bbox 1174 873 1235 936; x_wconf 92' lang='lat' dir='ltr'><strong>alia</strong></span> <span class='ocrx_word' id='word_1_25' title='bbox 1265 873 1343 937; x_wconf 90' lang='lat' dir='ltr'><strong>dare</strong></span> 
     </span>
     <span class='ocr_line' id='line_1_5' title="bbox 254 970 692 1051; baseline 0 -18"><span class='ocrx_word' id='word_1_26' title='bbox 254 971 393 1051; x_wconf 76' lang='lat' dir='ltr'><strong>pigritiae</strong></span> <span class='ocrx_word' id='word_1_27' title='bbox 410 970 527 1034; x_wconf 89' lang='lat' dir='ltr'><strong>indicia</strong></span> <span class='ocrx_word' id='word_1_28' title='bbox 543 971 692 1034; x_wconf 85' lang='lat' dir='ltr'><strong>audeant.</strong></span> 
     </span>
    </p>

    <p class='ocr_par' dir='ltr' id='par_1_3' title="bbox 253 1068 1342 1242">
     <span class='ocr_line' id='line_1_6' title="bbox 295 1068 1342 1150; baseline 0 -18"><span class='ocrx_word' id='word_1_29' title='bbox 295 1068 394 1132; x_wconf 86' lang='lat' dir='ltr'><strong>llllll.</strong></span> <span class='ocrx_word' id='word_1_30' title='bbox 419 1069 531 1143; x_wconf 91' lang='lat' dir='ltr'><strong>Nemo,</strong></span> <span class='ocrx_word' id='word_1_31' title='bbox 550 1069 610 1132; x_wconf 89' lang='lat' dir='ltr'><strong>sub</strong></span> <span class='ocrx_word' id='word_1_32' title='bbox 634 1085 727 1150; x_wconf 73' lang='lat' dir='ltr'><strong>prena</strong></span> <span class='ocrx_word' id='word_1_33' title='bbox 743 1069 843 1150; x_wconf 80' lang='lat' dir='ltr'><strong>gravi,</strong></span> <span class='ocrx_word' id='word_1_34' title='bbox 864 1077 970 1133; x_wconf 90' lang='lat' dir='ltr'><strong>utatur</strong></span> <span class='ocrx_word' id='word_1_35' title='bbox 986 1069 1050 1132; x_wconf 88' lang='lat' dir='ltr'><strong>alio</strong></span> <span class='ocrx_word' id='word_1_36' title='bbox 1073 1083 1224 1134; x_wconf 89' lang='lat' dir='ltr'><strong>sermone</strong></span> <span class='ocrx_word' id='word_1_37' title='bbox 1247 1086 1342 1149; x_wconf 92' lang='lat' dir='ltr'><strong>quam</strong></span> 
     </span>
     <span class='ocr_line' id='line_1_7' title="bbox 253 1166 1016 1242; baseline -0.003 -12"><span class='ocrx_word' id='word_1_38' title='bbox 253 1167 364 1242; x_wconf 92' lang='lat' dir='ltr'><strong>latino,</strong></span> <span class='ocrx_word' id='word_1_39' title='bbox 381 1184 398 1230; x_wconf 85' lang='lat' dir='ltr'><strong>a</strong></span> <span class='ocrx_word' id='word_1_40' title='bbox 415 1167 610 1231; x_wconf 74' lang='lat' dir='ltr'><strong>solaecismis</strong></span> <span class='ocrx_word' id='word_1_41' title='bbox 625 1178 657 1231; x_wconf 93' lang='lat' dir='ltr'><strong>et</strong></span> <span class='ocrx_word' id='word_1_42' title='bbox 673 1167 883 1230; x_wconf 85' lang='lat' dir='ltr'><strong>barbarismis</strong></span> <span class='ocrx_word' id='word_1_43' title='bbox 900 1166 1016 1230; x_wconf 87' lang='lat' dir='ltr'><strong>alieno.</strong></span> 
     </span>
    </p>

    <p class='ocr_par' dir='ltr' id='par_1_4' title="bbox 251 1264 1344 1838">
     <span class='ocr_line' id='line_1_8' title="bbox 293 1264 1342 1346; baseline 0.002 -20"><span class='ocrx_word' id='word_1_44' title='bbox 293 1265 404 1327; x_wconf 90' lang='lat' dir='ltr'><strong>lllllll.</strong></span> <span class='ocrx_word' id='word_1_45' title='bbox 429 1265 589 1330; x_wconf 85' lang='lat' dir='ltr'><strong>Censores</strong></span> <span class='ocrx_word' id='word_1_46' title='bbox 630 1265 768 1346; x_wconf 80' lang='lat' dir='ltr'><strong>singulis</strong></span> <span class='ocrx_word' id='word_1_47' title='bbox 808 1264 942 1338; x_wconf 89' lang='lat' dir='ltr'><strong>subolis,</strong></span> <span class='ocrx_word' id='word_1_48' title='bbox 983 1279 1117 1338; x_wconf 76' lang='lat' dir='ltr'><strong>musaeo,</strong></span> <span class='ocrx_word' id='word_1_49' title='bbox 1159 1265 1342 1342; x_wconf 83' lang='lat' dir='ltr'><strong>coenaculo,</strong></span> 
     </span>
     <span class='ocr_line' id='line_1_9' title="bbox 251 1363 1343 1444; baseline 0 -18"><span class='ocrx_word' id='word_1_50' title='bbox 251 1363 387 1444; x_wconf 91' lang='lat' dir='ltr'><strong>aliisque</strong></span> <span class='ocrx_word' id='word_1_51' title='bbox 411 1363 492 1426; x_wconf 90' lang='lat' dir='ltr'><strong>locis</strong></span> <span class='ocrx_word' id='word_1_52' title='bbox 516 1363 759 1428; x_wconf 85' lang='lat' dir='ltr'><strong>accuratissime</strong></span> <span class='ocrx_word' id='word_1_53' title='bbox 783 1363 959 1444; x_wconf 78' lang='lat' dir='ltr'><strong>invigilent,</strong></span> <span class='ocrx_word' id='word_1_54' title='bbox 978 1363 1150 1426; x_wconf 86' lang='lat' dir='ltr'><strong>vernacule</strong></span> <span class='ocrx_word' id='word_1_55' title='bbox 1171 1363 1343 1442; x_wconf 88' lang='lat' dir='ltr'><strong>loquentes</strong></span> 
     </span>
     <span class='ocr_line' id='line_1_10' title="bbox 251 1462 1343 1543; baseline -0.002 -15"><span class='ocrx_word' id='word_1_56' title='bbox 251 1471 282 1528; x_wconf 88' lang='lat' dir='ltr'><strong>et</strong></span> <span class='ocrx_word' id='word_1_57' title='bbox 308 1463 488 1543; x_wconf 86' lang='lat' dir='ltr'><strong>petulantes</strong></span> <span class='ocrx_word' id='word_1_58' title='bbox 514 1463 704 1538; x_wconf 93' lang='lat' dir='ltr'><strong>observent;</strong></span> <span class='ocrx_word' id='word_1_59' title='bbox 735 1478 773 1526; x_wconf 85' lang='lat' dir='ltr'><strong>ac</strong></span> <span class='ocrx_word' id='word_1_60' title='bbox 799 1463 915 1526; x_wconf 90' lang='lat' dir='ltr'><strong>delicta</strong></span> <span class='ocrx_word' id='word_1_61' title='bbox 943 1462 1051 1526; x_wconf 88' lang='lat' dir='ltr'><strong>omnia</strong></span> <span class='ocrx_word' id='word_1_62' title='bbox 1084 1463 1121 1525; x_wconf 91' lang='lat' dir='ltr'><strong>ad</strong></span> <span class='ocrx_word' id='word_1_63' title='bbox 1155 1462 1343 1541; x_wconf 86' lang='lat' dir='ltr'><strong>superiores</strong></span> 
     </span>
     <span class='ocr_line' id='line_1_11' title="bbox 252 1560 1342 1643; baseline 0 -20"><span class='ocrx_word' id='word_1_64' title='bbox 252 1560 390 1626; x_wconf 92' lang='lat' dir='ltr'><strong>fideliter</strong></span> <span class='ocrx_word' id='word_1_65' title='bbox 413 1563 552 1626; x_wconf 85' lang='lat' dir='ltr'><strong>referant</strong></span> <span class='ocrx_word' id='word_1_66' title='bbox 571 1585 577 1624; x_wconf 93' lang='lat'>:</span> <span class='ocrx_word' id='word_1_67' title='bbox 595 1563 676 1625; x_wconf 88' lang='lat' dir='ltr'><strong>alias</strong></span> <span class='ocrx_word' id='word_1_68' title='bbox 699 1562 760 1643; x_wconf 93' lang='lat' dir='ltr'><strong>ipsi</strong></span> <span class='ocrx_word' id='word_1_69' title='bbox 789 1563 888 1637; x_wconf 91' lang='lat' dir='ltr'><strong>luant,</strong></span> <span class='ocrx_word' id='word_1_70' title='bbox 915 1569 946 1624; x_wconf 91' lang='lat' dir='ltr'><strong>et</strong></span> <span class='ocrx_word' id='word_1_71' title='bbox 969 1561 1101 1625; x_wconf 86' lang='lat' dir='ltr'><strong>recidivi</strong></span> <span class='ocrx_word' id='word_1_72' title='bbox 1128 1560 1342 1626; x_wconf 90' lang='lat' dir='ltr'><strong>dimittantur.</strong></span> 
     </span>
     <span class='ocr_line' id='line_1_12' title="bbox 251 1660 1344 1741; baseline 0 -17"><span class='ocrx_word' id='word_1_73' title='bbox 251 1661 450 1741; x_wconf 84' lang='lat' dir='ltr'><strong>Quicumque</strong></span> <span class='ocrx_word' id='word_1_74' title='bbox 472 1671 577 1726; x_wconf 87' lang='lat' dir='ltr'><strong>autern</strong></span> <span class='ocrx_word' id='word_1_75' title='bbox 600 1661 642 1724; x_wconf 90' lang='lat' dir='ltr'><strong>ob</strong></span> <span class='ocrx_word' id='word_1_76' title='bbox 670 1661 700 1724; x_wconf 90' lang='lat' dir='ltr'><strong>id</strong></span> <span class='ocrx_word' id='word_1_77' title='bbox 728 1661 804 1724; x_wconf 91' lang='lat' dir='ltr'><strong>illos</strong></span> <span class='ocrx_word' id='word_1_78' title='bbox 829 1675 956 1735; x_wconf 85' lang='lat' dir='ltr'><strong>vexare,</strong></span> <span class='ocrx_word' id='word_1_79' title='bbox 974 1669 1027 1723; x_wconf 89' lang='lat' dir='ltr'><strong>aut</strong></span> <span class='ocrx_word' id='word_1_80' title='bbox 1054 1660 1168 1740; x_wconf 89' lang='lat' dir='ltr'><strong>quavis</strong></span> <span class='ocrx_word' id='word_1_81' title='bbox 1197 1660 1344 1725; x_wconf 88' lang='lat' dir='ltr'><strong>molestia</strong></span> 
     </span>
     <span class='ocr_line' id='line_1_13' title="bbox 252 1757 1105 1838; baseline -0.002 -16"><span class='ocrx_word' id='word_1_82' title='bbox 252 1757 379 1823; x_wconf 89' lang='lat' dir='ltr'><strong>afficere</strong></span> <span class='ocrx_word' id='word_1_83' title='bbox 395 1776 494 1822; x_wconf 90' lang='lat' dir='ltr'><strong>ausus</strong></span> <span class='ocrx_word' id='word_1_84' title='bbox 511 1759 616 1832; x_wconf 88' lang='lat' dir='ltr'><strong>fuerit,</strong></span> <span class='ocrx_word' id='word_1_85' title='bbox 635 1759 778 1824; x_wconf 72' lang='lat' dir='ltr'><strong>audacie</strong></span> <span class='ocrx_word' id='word_1_86' title='bbox 794 1775 861 1823; x_wconf 89' lang='lat' dir='ltr'><strong>snae</strong></span> <span class='ocrx_word' id='word_1_87' title='bbox 879 1775 992 1838; x_wconf 90' lang='lat' dir='ltr'><strong>poenas</strong></span> <span class='ocrx_word' id='word_1_88' title='bbox 1008 1759 1105 1822; x_wconf 90' lang='lat' dir='ltr'><strong>dabit.</strong></span> 
     </span>
    </p>

    <p class='ocr_par' dir='ltr' id='par_1_5' title="bbox 253 1857 1368 2335">
     <span class='ocr_line' id='line_1_14' title="bbox 295 1857 1344 1939; baseline 0.001 -19"><span class='ocrx_word' id='word_1_89' title='bbox 295 1859 404 1920; x_wconf 86' lang='lat' dir='ltr'><strong>xlllll.</strong></span> <span class='ocrx_word' id='word_1_90' title='bbox 429 1857 493 1921; x_wconf 92' lang='lat' dir='ltr'><strong>Sub</strong></span> <span class='ocrx_word' id='word_1_91' title='bbox 511 1874 605 1938; x_wconf 84' lang='lat' dir='ltr'><strong>poena</strong></span> <span class='ocrx_word' id='word_1_92' title='bbox 621 1858 811 1939; x_wconf 81' lang='lat' dir='ltr'><strong>gravissima</strong></span> <span class='ocrx_word' id='word_1_93' title='bbox 828 1871 986 1933; x_wconf 71' lang='lat' dir='ltr'><strong>vetamus</strong></span> <span class='ocrx_word' id='word_1_94' title='bbox 1006 1858 1146 1938; x_wconf 88' lang='lat' dir='ltr'><strong>nequis,</strong></span> <span class='ocrx_word' id='word_1_95' title='bbox 1166 1857 1230 1921; x_wconf 91' lang='lat' dir='ltr'><strong>nisi</strong></span> <span class='ocrx_word' id='word_1_96' title='bbox 1254 1857 1344 1938; x_wconf 89' lang='lat' dir='ltr'><strong>prius</strong></span> 
     </span>
     <span class='ocr_line' id='line_1_15' title="bbox 253 1957 1346 2036; baseline 0.002 -16"><span class='ocrx_word' id='word_1_97' title='bbox 253 1957 345 2020; x_wconf 90' lang='lat' dir='ltr'><strong>venia</strong></span> <span class='ocrx_word' id='word_1_98' title='bbox 359 1957 500 2036; x_wconf 82' lang='lat' dir='ltr'><strong>legitime</strong></span> <span class='ocrx_word' id='word_1_99' title='bbox 515 1957 658 2032; x_wconf 86' lang='lat' dir='ltr'><strong>obtenta,</strong></span> <span class='ocrx_word' id='word_1_100' title='bbox 673 1957 757 2021; x_wconf 88' lang='lat' dir='ltr'><strong>absit</strong></span> <span class='ocrx_word' id='word_1_101' title='bbox 773 1973 790 2021; x_wconf 92' lang='lat' dir='ltr'><strong>a</strong></span> <span class='ocrx_word' id='word_1_102' title='bbox 806 1957 919 2022; x_wconf 82' lang='lat' dir='ltr'><strong>sclicla</strong></span> <span class='ocrx_word' id='word_1_103' title='bbox 935 1959 984 2022; x_wconf 95' lang='lat' dir='ltr'><strong>vel</strong></span> <span class='ocrx_word' id='word_1_104' title='bbox 1002 1957 1121 2032; x_wconf 89' lang='lat' dir='ltr'><strong>studio,</strong></span> <span class='ocrx_word' id='word_1_105' title='bbox 1136 1965 1190 2021; x_wconf 91' lang='lat' dir='ltr'><strong>aut</strong></span> <span class='ocrx_word' id='word_1_106' title='bbox 1207 1957 1346 2022; x_wconf 86' lang='lat' dir='ltr'><strong>themate</strong></span> 
     </span>
     <span class='ocr_line' id='line_1_16' title="bbox 253 2055 1368 2137; baseline 0.001 -18"><span class='ocrx_word' id='word_1_107' title='bbox 253 2065 371 2119; x_wconf 86' lang='lat' dir='ltr'><strong>careat.</strong></span> <span class='ocrx_word' id='word_1_108' title='bbox 388 2057 506 2121; x_wconf 86' lang='lat' dir='ltr'><strong>Thema</strong></span> <span class='ocrx_word' id='word_1_109' title='bbox 531 2071 660 2137; x_wconf 92' lang='lat' dir='ltr'><strong>semper</strong></span> <span class='ocrx_word' id='word_1_110' title='bbox 682 2056 926 2120; x_wconf 88' lang='lat' dir='ltr'><strong>accuratissime</strong></span> <span class='ocrx_word' id='word_1_111' title='bbox 949 2065 1162 2135; x_wconf 85' lang='lat' dir='ltr'><strong>componatur</strong></span> <span class='ocrx_word' id='word_1_112' title='bbox 1185 2065 1217 2119; x_wconf 92' lang='lat' dir='ltr'><strong>et</strong></span> <span class='ocrx_word' id='word_1_113' title='bbox 1245 2055 1368 2120; x_wconf 88' lang='lat' dir='ltr'><strong>nitide·</strong></span> 
     </span>
     <span class='ocr_line' id='line_1_17' title="bbox 254 2155 1342 2236; baseline 0 -18"><span class='ocrx_word' id='word_1_114' title='bbox 254 2155 464 2218; x_wconf 86' lang='lat' dir='ltr'><strong>exscribatur.</strong></span> <span class='ocrx_word' id='word_1_115' title='bbox 490 2156 561 2218; x_wconf 86' lang='lat' dir='ltr'><strong>Peri</strong></span> <span class='ocrx_word' id='word_1_116' title='bbox 587 2155 752 2236; x_wconf 81' lang='lat' dir='ltr'><strong>diligentia</strong></span> <span class='ocrx_word' id='word_1_117' title='bbox 776 2155 999 2220; x_wconf 87' lang='lat' dir='ltr'><strong>exscribantur</strong></span> <span class='ocrx_word' id='word_1_118' title='bbox 1023 2157 1162 2220; x_wconf 86' lang='lat' dir='ltr'><strong>themata</strong></span> <span class='ocrx_word' id='word_1_119' title='bbox 1186 2163 1342 2229; x_wconf 78' lang='lat' dir='ltr'><strong>correcta,</strong></span> 
     </span>
     <span class='ocr_line' id='line_1_18' title="bbox 255 2253 890 2335; baseline -0.002 -18"><span class='ocrx_word' id='word_1_120' title='bbox 255 2263 285 2317; x_wconf 92' lang='lat' dir='ltr'><strong>et</strong></span> <span class='ocrx_word' id='word_1_121' title='bbox 301 2269 512 2335; x_wconf 78' lang='lat' dir='ltr'><strong>quaecumque</strong></span> <span class='ocrx_word' id='word_1_122' title='bbox 527 2255 560 2316; x_wconf 92' lang='lat' dir='ltr'><strong>in</strong></span> <span class='ocrx_word' id='word_1_123' title='bbox 577 2254 698 2318; x_wconf 85' lang='lat' dir='ltr'><strong>sobolis</strong></span> <span class='ocrx_word' id='word_1_124' title='bbox 714 2253 890 2318; x_wconf 90' lang='lat' dir='ltr'><strong>dictantur.</strong></span> 
     </span>
    </p>

    <p class='ocr_par' dir='ltr' id='par_1_6' title="bbox 252 2352 1346 3125">
     <span class='ocr_line' id='line_1_19' title="bbox 297 2352 1343 2433; baseline 0.001 -19"><span class='ocrx_word' id='word_1_125' title='bbox 297 2352 390 2415; x_wconf 83' lang='lat' dir='ltr'><strong>llllv.</strong></span> <span class='ocrx_word' id='word_1_126' title='bbox 410 2353 443 2415; x_wconf 96' lang='lat' dir='ltr'><strong>ln</strong></span> <span class='ocrx_word' id='word_1_127' title='bbox 461 2353 620 2416; x_wconf 86' lang='lat' dir='ltr'><strong>rhetorica</strong></span> <span class='ocrx_word' id='word_1_128' title='bbox 636 2363 772 2433; x_wconf 92' lang='lat' dir='ltr'><strong>septem,</strong></span> <span class='ocrx_word' id='word_1_129' title='bbox 788 2361 925 2433; x_wconf 88' lang='lat' dir='ltr'><strong>quatuor</strong></span> <span class='ocrx_word' id='word_1_130' title='bbox 941 2361 1025 2427; x_wconf 88' lang='lat' dir='ltr'><strong>ante,</strong></span> <span class='ocrx_word' id='word_1_131' title='bbox 1042 2361 1109 2417; x_wconf 88' lang='lat' dir='ltr'><strong>tres</strong></span> <span class='ocrx_word' id='word_1_132' title='bbox 1126 2360 1196 2433; x_wconf 88' lang='lat' dir='ltr'><strong>post</strong></span> <span class='ocrx_word' id='word_1_133' title='bbox 1209 2352 1343 2426; x_wconf 81' lang='lat' dir='ltr'><strong>Pascha,</strong></span> 
     </span>
     <span class='ocr_line' id='line_1_20' title="bbox 256 2443 1346 2531; baseline -0.001 -18"><span class='ocrx_word' id='word_1_134' title='bbox 256 2451 288 2514; x_wconf 96' lang='lat' dir='ltr'><strong>in</strong></span> <span class='ocrx_word' id='word_1_135' title='bbox 310 2451 438 2515; x_wconf 84' lang='lat' dir='ltr'><strong>caeteris</strong></span> <span class='ocrx_word' id='word_1_136' title='bbox 461 2452 583 2516; x_wconf 91' lang='lat' dir='ltr'><strong>scbclis</strong></span> <span class='ocrx_word' id='word_1_137' title='bbox 605 2451 729 2527; x_wconf 90' lang='lat' dir='ltr'><strong>decem,</strong></span> <span class='ocrx_word' id='word_1_138' title='bbox 755 2451 927 2531; x_wconf 85' lang='lat' dir='ltr'><strong>quotannis</strong></span> <span class='ocrx_word' id='word_1_139' title='bbox 951 2451 1160 2514; x_wconf 90' lang='lat' dir='ltr'><strong>instituentur</strong></span> <span class='ocrx_word' id='word_1_140' title='bbox 1182 2443 1346 2530; x_wconf 84' lang='lat' dir='ltr'><strong>composi-</strong></span> 
     </span>
     <span class='ocr_line' id='line_1_21' title="bbox 256 2549 1343 2631; baseline -0.002 -17"><span class='ocrx_word' id='word_1_141' title='bbox 256 2551 359 2614; x_wconf 93' lang='lat' dir='ltr'><strong>tiones</strong></span> <span class='ocrx_word' id='word_1_142' title='bbox 386 2550 529 2630; x_wconf 84' lang='lat' dir='ltr'><strong>mcjorcs,</strong></span> <span class='ocrx_word' id='word_1_143' title='bbox 549 2561 582 2614; x_wconf 92' lang='lat' dir='ltr'><strong>ut</strong></span> <span class='ocrx_word' id='word_1_144' title='bbox 609 2551 781 2630; x_wconf 92' lang='lat' dir='ltr'><strong>unicuique</strong></span> <span class='ocrx_word' id='word_1_145' title='bbox 805 2550 911 2625; x_wconf 91' lang='lat' dir='ltr'><strong>toties,</strong></span> <span class='ocrx_word' id='word_1_146' title='bbox 930 2563 1045 2631; x_wconf 87' lang='lat' dir='ltr'><strong>nempe</strong></span> <span class='ocrx_word' id='word_1_147' title='bbox 1068 2549 1196 2628; x_wconf 85' lang='lat' dir='ltr'><strong>singulo</strong></span> <span class='ocrx_word' id='word_1_148' title='bbox 1220 2566 1343 2623; x_wconf 81' lang='lat' dir='ltr'><strong>mense,</strong></span> 
     </span>
     <span class='ocr_line' id='line_1_22' title="bbox 254 2647 1345 2729; baseline 0 -17"><span class='ocrx_word' id='word_1_149' title='bbox 254 2649 427 2729; x_wconf 89' lang='lat' dir='ltr'><strong>septembri</strong></span> <span class='ocrx_word' id='word_1_150' title='bbox 458 2659 580 2714; x_wconf 86' lang='lat' dir='ltr'><strong>tantum</strong></span> <span class='ocrx_word' id='word_1_151' title='bbox 610 2659 641 2713; x_wconf 94' lang='lat' dir='ltr'><strong>et</strong></span> <span class='ocrx_word' id='word_1_152' title='bbox 671 2649 796 2714; x_wconf 93' lang='lat' dir='ltr'><strong>octobri</strong></span> <span class='ocrx_word' id='word_1_153' title='bbox 826 2648 981 2728; x_wconf 89' lang='lat' dir='ltr'><strong>exceptis,</strong></span> <span class='ocrx_word' id='word_1_154' title='bbox 1015 2665 1072 2728; x_wconf 92' lang='lat' dir='ltr'><strong>prc</strong></span> <span class='ocrx_word' id='word_1_155' title='bbox 1104 2647 1219 2713; x_wconf 88' lang='lat' dir='ltr'><strong>merito</strong></span> <span class='ocrx_word' id='word_1_156' title='bbox 1253 2648 1345 2712; x_wconf 90' lang='lat' dir='ltr'><strong>locus</strong></span> 
     </span>
     <span class='ocr_line' id='line_1_23' title="bbox 252 2747 1342 2828; baseline 0 -18"><span class='ocrx_word' id='word_1_157' title='bbox 252 2748 446 2828; x_wconf 83' lang='lat' dir='ltr'><strong>assignetur.</strong></span> <span class='ocrx_word' id='word_1_158' title='bbox 464 2748 496 2810; x_wconf 88' lang='lat' dir='ltr'><strong>Si</strong></span> <span class='ocrx_word' id='word_1_159' title='bbox 513 2749 585 2828; x_wconf 89' lang='lat' dir='ltr'><strong>quis</strong></span> <span class='ocrx_word' id='word_1_160' title='bbox 603 2749 708 2812; x_wconf 88' lang='lat' dir='ltr'><strong>thema</strong></span> <span class='ocrx_word' id='word_1_161' title='bbox 725 2765 819 2812; x_wconf 89' lang='lat' dir='ltr'><strong>suurn</strong></span> <span class='ocrx_word' id='word_1_162' title='bbox 836 2763 908 2810; x_wconf 93' lang='lat' dir='ltr'><strong>cum</strong></span> <span class='ocrx_word' id='word_1_163' title='bbox 926 2747 1028 2811; x_wconf 87' lang='lat' dir='ltr'><strong>altero</strong></span> <span class='ocrx_word' id='word_1_164' title='bbox 1043 2747 1342 2818; x_wconf 81' lang='lat' dir='ltr'><strong>communicaverit,</strong></span> 
     </span>
     <span class='ocr_line' id='line_1_24' title="bbox 253 2845 1342 2928; baseline -0.004 -18"><span class='ocrx_word' id='word_1_165' title='bbox 253 2863 379 2926; x_wconf 87' lang='lat' dir='ltr'><strong>poenam</strong></span> <span class='ocrx_word' id='word_1_166' title='bbox 402 2847 625 2928; x_wconf 83' lang='lat' dir='ltr'><strong>gravissimam</strong></span> <span class='ocrx_word' id='word_1_167' title='bbox 649 2847 794 2911; x_wconf 88' lang='lat' dir='ltr'><strong>subibit:</strong></span> <span class='ocrx_word' id='word_1_168' title='bbox 812 2847 866 2926; x_wconf 89' lang='lat' dir='ltr'><strong>qui</strong></span> <span class='ocrx_word' id='word_1_169' title='bbox 889 2863 976 2920; x_wconf 87' lang='lat' dir='ltr'><strong>vero,</strong></span> <span class='ocrx_word' id='word_1_170' title='bbox 997 2861 1061 2908; x_wconf 92' lang='lat' dir='ltr'><strong>non</strong></span> <span class='ocrx_word' id='word_1_171' title='bbox 1084 2846 1215 2909; x_wconf 88' lang='lat' dir='ltr'><strong>obtenta</strong></span> <span class='ocrx_word' id='word_1_172' title='bbox 1237 2845 1342 2918; x_wconf 90' lang='lat' dir='ltr'><strong>venia,</strong></span> 
     </span>
     <span class='ocr_line' id='line_1_25' title="bbox 254 2944 1344 3029; baseline -0.004 -19"><span class='ocrx_word' id='word_1_173' title='bbox 254 2947 521 3028; x_wconf 85' lang='lat' dir='ltr'><strong>aquaticmnque</strong></span> <span class='ocrx_word' id='word_1_174' title='bbox 555 2947 792 3029; x_wconf 87' lang='lat' dir='ltr'><strong>compositione</strong></span> <span class='ocrx_word' id='word_1_175' title='bbox 825 2945 974 3019; x_wconf 87' lang='lat' dir='ltr'><strong>abfuerit,</strong></span> <span class='ocrx_word' id='word_1_176' title='bbox 1006 2945 1140 3025; x_wconf 92' lang='lat' dir='ltr'><strong>insuper</strong></span> <span class='ocrx_word' id='word_1_177' title='bbox 1180 2944 1275 3008; x_wconf 87' lang='lat' dir='ltr'><strong>etiam</strong></span> <span class='ocrx_word' id='word_1_178' title='bbox 1312 2944 1344 3006; x_wconf 94' lang='lat' dir='ltr'><strong>in</strong></span> 
     </span>
     <span class='ocr_line' id='line_1_26' title="bbox 255 3043 887 3125; baseline -0.005 -17"><span class='ocrx_word' id='word_1_179' title='bbox 255 3045 399 3109; x_wconf 90' lang='lat' dir='ltr'><strong>ultimum</strong></span> <span class='ocrx_word' id='word_1_180' title='bbox 415 3047 537 3110; x_wconf 81' lang='lat' dir='ltr'><strong>schulae</strong></span> <span class='ocrx_word' id='word_1_181' title='bbox 554 3047 659 3110; x_wconf 89' lang='lat' dir='ltr'><strong>locum</strong></span> <span class='ocrx_word' id='word_1_182' title='bbox 681 3043 887 3125; x_wconf 83' lang='lat' dir='ltr'><strong>relegabitur.</strong></span> 
     </span>
    </p>

    <p class='ocr_par' dir='ltr' id='par_1_7' title="bbox 251 3140 1344 3620">
     <span class='ocr_line' id='line_1_27' title="bbox 296 3140 1343 3224; baseline -0.001 -19"><span class='ocrx_word' id='word_1_183' title='bbox 296 3143 403 3207; x_wconf 85' lang='lat' dir='ltr'><strong>xxvi.</strong></span> <span class='ocrx_word' id='word_1_184' title='bbox 421 3144 568 3209; x_wconf 90' lang='lat' dir='ltr'><strong>Sebolam</strong></span> <span class='ocrx_word' id='word_1_185' title='bbox 585 3160 698 3210; x_wconf 91' lang='lat' dir='ltr'><strong>omnes</strong></span> <span class='ocrx_word' id='word_1_186' title='bbox 715 3144 917 3224; x_wconf 79' lang='lat' dir='ltr'><strong>frequentent</strong></span> <span class='ocrx_word' id='word_1_187' title='bbox 934 3149 1179 3222; x_wconf 88' lang='lat' dir='ltr'><strong>perseveranter</strong></span> <span class='ocrx_word' id='word_1_188' title='bbox 1192 3140 1343 3222; x_wconf 89' lang='lat' dir='ltr'><strong>quamdiu</strong></span> 
     </span>
     <span class='ocr_line' id='line_1_28' title="bbox 253 3231 1344 3322; baseline -0.005 -15"><span class='ocrx_word' id='word_1_189' title='bbox 253 3243 429 3309; x_wconf 91' lang='lat' dir='ltr'><strong>docebitur.</strong></span> <span class='ocrx_word' id='word_1_190' title='bbox 448 3245 507 3320; x_wconf 84' lang='lat' dir='ltr'><strong>Qui</strong></span> <span class='ocrx_word' id='word_1_191' title='bbox 521 3244 627 3310; x_wconf 89' lang='lat' dir='ltr'><strong>serius</strong></span> <span class='ocrx_word' id='word_1_192' title='bbox 640 3261 658 3307; x_wconf 90' lang='lat' dir='ltr'><strong>a</strong></span> <span class='ocrx_word' id='word_1_193' title='bbox 673 3243 763 3308; x_wconf 88' lang='lat' dir='ltr'><strong>feriis</strong></span> <span class='ocrx_word' id='word_1_194' title='bbox 776 3231 918 3315; x_wconf 72' lang='lat' dir='ltr'><strong>redierit,</strong></span> <span class='ocrx_word' id='word_1_195' title='bbox 936 3259 995 3322; x_wconf 89' lang='lat' dir='ltr'><strong>pro</strong></span> <span class='ocrx_word' id='word_1_196' title='bbox 1012 3241 1154 3322; x_wconf 89' lang='lat' dir='ltr'><strong>quolibet</strong></span> <span class='ocrx_word' id='word_1_197' title='bbox 1166 3240 1218 3302; x_wconf 91' lang='lat' dir='ltr'><strong>die</strong></span> <span class='ocrx_word' id='word_1_198' title='bbox 1231 3247 1344 3319; x_wconf 87' lang='lat' dir='ltr'><strong>quater</strong></span> 
     </span>
     <span class='ocr_line' id='line_1_29' title="bbox 252 3340 1343 3424; baseline -0.005 -19"><span class='ocrx_word' id='word_1_199' title='bbox 252 3344 466 3423; x_wconf 73' lang='lat' dir='ltr'><strong>frequentabit</strong></span> <span class='ocrx_word' id='word_1_200' title='bbox 478 3345 593 3409; x_wconf 91' lang='lat' dir='ltr'><strong>diebus</strong></span> <span class='ocrx_word' id='word_1_201' title='bbox 604 3344 720 3420; x_wconf 86' lang='lat' dir='ltr'><strong>veniae,</strong></span> <span class='ocrx_word' id='word_1_202' title='bbox 737 3359 835 3424; x_wconf 92' lang='lat' dir='ltr'><strong>pensa</strong></span> <span class='ocrx_word' id='word_1_203' title='bbox 850 3341 1040 3422; x_wconf 87' lang='lat' dir='ltr'><strong>persolvens</strong></span> <span class='ocrx_word' id='word_1_204' title='bbox 1051 3357 1110 3420; x_wconf 90' lang='lat' dir='ltr'><strong>per</strong></span> <span class='ocrx_word' id='word_1_205' title='bbox 1124 3340 1343 3419; x_wconf 79' lang='lat' dir='ltr'><strong>professorem</strong></span> 
     </span>
     <span class='ocr_line' id='line_1_30' title="bbox 251 3439 1341 3522; baseline -0.003 -19"><span class='ocrx_word' id='word_1_206' title='bbox 251 3441 467 3522; x_wconf 88' lang='lat' dir='ltr'><strong>imponenda:</strong></span> <span class='ocrx_word' id='word_1_207' title='bbox 487 3461 546 3508; x_wconf 92' lang='lat' dir='ltr'><strong>nec</strong></span> <span class='ocrx_word' id='word_1_208' title='bbox 561 3443 747 3508; x_wconf 89' lang='lat' dir='ltr'><strong>admittetur</strong></span> <span class='ocrx_word' id='word_1_209' title='bbox 763 3442 941 3518; x_wconf 81' lang='lat' dir='ltr'><strong>excusatio,</strong></span> <span class='ocrx_word' id='word_1_210' title='bbox 958 3458 997 3505; x_wconf 91' lang='lat' dir='ltr'><strong>ne</strong></span> <span class='ocrx_word' id='word_1_211' title='bbox 1013 3440 1141 3521; x_wconf 88' lang='lat' dir='ltr'><strong>quidem</strong></span> <span class='ocrx_word' id='word_1_212' title='bbox 1159 3439 1341 3502; x_wconf 89' lang='lat' dir='ltr'><strong>mandatum</strong></span> 
     </span>
     <span class='ocr_line' id='line_1_31' title="bbox 254 3533 1343 3620; baseline -0.006 -16"><span class='ocrx_word' id='word_1_213' title='bbox 254 3549 431 3620; x_wconf 89' lang='lat' dir='ltr'><strong>parentum,</strong></span> <span class='ocrx_word' id='word_1_214' title='bbox 451 3542 512 3604; x_wconf 91' lang='lat' dir='ltr'><strong>nisi</strong></span> <span class='ocrx_word' id='word_1_215' title='bbox 529 3542 560 3604; x_wconf 93' lang='lat' dir='ltr'><strong>in</strong></span> <span class='ocrx_word' id='word_1_216' title='bbox 577 3533 739 3605; x_wconf 83' lang='lat' dir='ltr'><strong>communi</strong></span> <span class='ocrx_word' id='word_1_217' title='bbox 755 3540 896 3604; x_wconf 90' lang='lat' dir='ltr'><strong>concilio</strong></span> <span class='ocrx_word' id='word_1_218' title='bbox 912 3540 1054 3620; x_wconf 83' lang='lat' dir='ltr'><strong>legitima</strong></span> <span class='ocrx_word' id='word_1_219' title='bbox 1074 3538 1216 3618; x_wconf 75' lang='lat' dir='ltr'><strong>iudicata</strong></span> <span class='ocrx_word' id='word_1_220' title='bbox 1234 3535 1343 3600; x_wconf 90' lang='lat' dir='ltr'><strong>fuerit.</strong></span> 
     </span>
    </p>

    <p class='ocr_par' dir='ltr' id='par_1_8' title="bbox 252 3637 1343 4018">
     <span class='ocr_line' id='line_1_32' title="bbox 295 3637 1343 3719; baseline -0.002 -17"><span class='ocrx_word' id='word_1_221' title='bbox 295 3640 417 3704; x_wconf 83' lang='lat' dir='ltr'><strong>llllfll.</strong></span> <span class='ocrx_word' id='word_1_222' title='bbox 443 3641 665 3714; x_wconf 78' lang='lat' dir='ltr'><strong>convictores,</strong></span> <span class='ocrx_word' id='word_1_223' title='bbox 696 3639 735 3702; x_wconf 88' lang='lat' dir='ltr'><strong>ad</strong></span> <span class='ocrx_word' id='word_1_224' title='bbox 765 3654 930 3719; x_wconf 89' lang='lat' dir='ltr'><strong>campanae</strong></span> <span class='ocrx_word' id='word_1_225' title='bbox 961 3640 1100 3718; x_wconf 89' lang='lat' dir='ltr'><strong>pulsum,</strong></span> <span class='ocrx_word' id='word_1_226' title='bbox 1134 3653 1206 3701; x_wconf 90' lang='lat' dir='ltr'><strong>mox</strong></span> <span class='ocrx_word' id='word_1_227' title='bbox 1236 3637 1343 3716; x_wconf 57' lang='lat' dir='ltr'><strong>ingre*</strong></span> 
     </span>
     <span class='ocr_line' id='line_1_33' title="bbox 255 3736 1340 3818; baseline -0.005 -17"><span class='ocrx_word' id='word_1_228' title='bbox 255 3738 383 3802; x_wconf 91' lang='lat' dir='ltr'><strong>diantur</strong></span> <span class='ocrx_word' id='word_1_229' title='bbox 398 3740 611 3813; x_wconf 78' lang='lat' dir='ltr'><strong>coeirnculum</strong></span> <span class='ocrx_word' id='word_1_230' title='bbox 631 3739 663 3801; x_wconf 92' lang='lat' dir='ltr'><strong>in</strong></span> <span class='ocrx_word' id='word_1_231' title='bbox 687 3754 750 3817; x_wconf 89' lang='lat' dir='ltr'><strong>quc</strong></span> <span class='ocrx_word' id='word_1_232' title='bbox 767 3737 962 3818; x_wconf 84' lang='lat' dir='ltr'><strong>singularem</strong></span> <span class='ocrx_word' id='word_1_233' title='bbox 986 3736 1176 3802; x_wconf 88' lang='lat' dir='ltr'><strong>modestiam</strong></span> <span class='ocrx_word' id='word_1_234' title='bbox 1198 3741 1340 3800; x_wconf 92' lang='lat' dir='ltr'><strong>servent.</strong></span> 
     </span>
     <span class='ocr_line' id='line_1_34' title="bbox 255 3833 1342 3915; baseline -0.001 -18"><span class='ocrx_word' id='word_1_235' title='bbox 255 3835 335 3900; x_wconf 83' lang='lat' dir='ltr'><strong>llum</strong></span> <span class='ocrx_word' id='word_1_236' title='bbox 352 3837 552 3902; x_wconf 91' lang='lat' dir='ltr'><strong>benedicitur</strong></span> <span class='ocrx_word' id='word_1_237' title='bbox 568 3853 701 3912; x_wconf 85' lang='lat' dir='ltr'><strong>mensae,</strong></span> <span class='ocrx_word' id='word_1_238' title='bbox 718 3845 772 3898; x_wconf 90' lang='lat' dir='ltr'><strong>aut</strong></span> <span class='ocrx_word' id='word_1_239' title='bbox 793 3845 931 3915; x_wconf 81' lang='lat' dir='ltr'><strong>aguntur</strong></span> <span class='ocrx_word' id='word_1_240' title='bbox 952 3835 1075 3915; x_wconf 76' lang='lat' dir='ltr'><strong>gratim,</strong></span> <span class='ocrx_word' id='word_1_241' title='bbox 1093 3851 1130 3898; x_wconf 91' lang='lat' dir='ltr'><strong>ea</strong></span> <span class='ocrx_word' id='word_1_242' title='bbox 1146 3833 1229 3897; x_wconf 90' lang='lat' dir='ltr'><strong>adsit</strong></span> <span class='ocrx_word' id='word_1_243' title='bbox 1253 3848 1342 3897; x_wconf 55' lang='lat' dir='ltr'><strong>rever</strong></span> 
     </span>
     <span class='ocr_line' id='line_1_35' title="bbox 252 3933 1112 4018; baseline -0.005 -20"><span class='ocrx_word' id='word_1_244' title='bbox 252 3937 366 4012; x_wconf 90' lang='lat' dir='ltr'><strong>rentia,</strong></span> <span class='ocrx_word' id='word_1_245' title='bbox 384 3953 445 4018; x_wconf 93' lang='lat' dir='ltr'><strong>qna</strong></span> <span class='ocrx_word' id='word_1_246' title='bbox 464 3953 521 4017; x_wconf 89' lang='lat' dir='ltr'><strong>par</strong></span> <span class='ocrx_word' id='word_1_247' title='bbox 536 3946 585 4001; x_wconf 90' lang='lat' dir='ltr'><strong>est</strong></span> <span class='ocrx_word' id='word_1_248' title='bbox 602 3937 744 4000; x_wconf 80' lang='lat' dir='ltr'><strong>Divinam</strong></span> <span class='ocrx_word' id='word_1_249' title='bbox 762 3935 957 4014; x_wconf 83' lang='lat' dir='ltr'><strong>llajestetem</strong></span> <span class='ocrx_word' id='word_1_250' title='bbox 973 3933 1112 3998; x_wconf 88' lang='lat' dir='ltr'><strong>adorari.</strong></span> 
     </span>
    </p>

    <p class='ocr_par' dir='ltr' id='par_1_9' title="bbox 250 4031 1339 4215">
     <span class='ocr_line' id='line_1_36' title="bbox 291 4031 1339 4104; baseline -0.01 -4"><span class='ocrx_word' id='word_1_251' title='bbox 291 4037 390 4100; x_wconf 90' lang='lat' dir='ltr'><strong>Nemo</strong></span> <span class='ocrx_word' id='word_1_252' title='bbox 406 4036 446 4099; x_wconf 90' lang='lat' dir='ltr'><strong>ad</strong></span> <span class='ocrx_word' id='word_1_253' title='bbox 470 4051 614 4100; x_wconf 86' lang='lat' dir='ltr'><strong>inensem</strong></span> <span class='ocrx_word' id='word_1_254' title='bbox 630 4036 761 4100; x_wconf 88' lang='lat' dir='ltr'><strong>accedat</strong></span> <span class='ocrx_word' id='word_1_255' title='bbox 785 4034 847 4098; x_wconf 87' lang='lat' dir='ltr'><strong>nisi</strong></span> <span class='ocrx_word' id='word_1_256' title='bbox 863 4035 1017 4098; x_wconf 91' lang='lat' dir='ltr'><strong>decenter</strong></span> <span class='ocrx_word' id='word_1_257' title='bbox 1034 4034 1177 4104; x_wconf 90' lang='lat' dir='ltr'><strong>indutus,</strong></span> <span class='ocrx_word' id='word_1_258' title='bbox 1197 4031 1339 4094; x_wconf 67' lang='lat' dir='ltr'><strong>instruc»</strong></span> 
     </span>
     <span class='ocr_line' id='line_1_37' title="bbox 250 4132 1100 4215; baseline -0.002 -18"><span class='ocrx_word' id='word_1_259' title='bbox 250 4144 366 4215; x_wconf 90' lang='lat' dir='ltr'><strong>tusquc</strong></span> <span class='ocrx_word' id='word_1_260' title='bbox 382 4134 517 4208; x_wconf 87' lang='lat' dir='ltr'><strong>mantili,</strong></span> <span class='ocrx_word' id='word_1_261' title='bbox 536 4135 650 4199; x_wconf 89' lang='lat' dir='ltr'><strong>saltem</strong></span> <span class='ocrx_word' id='word_1_262' title='bbox 666 4133 782 4197; x_wconf 91' lang='lat' dir='ltr'><strong>diebus</strong></span> <span class='ocrx_word' id='word_1_263' title='bbox 798 4132 970 4196; x_wconf 90' lang='lat' dir='ltr'><strong>dominicis</strong></span> <span class='ocrx_word' id='word_1_264' title='bbox 987 4132 1100 4196; x_wconf 91' lang='lat' dir='ltr'><strong>nitido.</strong></span> 
     </span>
    </p>

    <p class='ocr_par' dir='ltr' id='par_1_10' title="bbox 295 4227 1341 4305">
     <span class='ocr_line' id='line_1_38' title="bbox 295 4227 1341 4305; baseline -0.006 -9"><span class='ocrx_word' id='word_1_265' title='bbox 295 4233 433 4296; x_wconf 87' lang='lat' dir='ltr'><strong>xxvlll.</strong></span> <span class='ocrx_word' id='word_1_266' title='bbox 460 4232 576 4297; x_wconf 85' lang='lat' dir='ltr'><strong>llensae</strong></span> <span class='ocrx_word' id='word_1_267' title='bbox 604 4232 831 4298; x_wconf 87' lang='lat' dir='ltr'><strong>accumbentes</strong></span> <span class='ocrx_word' id='word_1_268' title='bbox 853 4233 1007 4297; x_wconf 87' lang='lat' dir='ltr'><strong>decorum</strong></span> <span class='ocrx_word' id='word_1_269' title='bbox 1034 4239 1174 4305; x_wconf 90' lang='lat' dir='ltr'><strong>servent,</strong></span> <span class='ocrx_word' id='word_1_270' title='bbox 1200 4247 1237 4294; x_wconf 89' lang='lat' dir='ltr'><strong>ac</strong></span> <span class='ocrx_word' id='word_1_271' title='bbox 1265 4227 1341 4292; x_wconf 89' lang='lat' dir='ltr'><strong>talia</strong></span> 
     </span>
    </p>
   </div>
   <div class='ocr_carea' id='block_1_3' title="bbox 0 0 1631 4954">
    <p class='ocr_par' dir='ltr' id='par_1_11' title="bbox 0 0 1631 4954">
     <span class='ocr_line' id='line_1_39' title="bbox 0 0 1631 4954; baseline 0 0"><span class='ocrx_word' id='word_1_272' title='bbox 0 0 1631 4954; x_wconf 95' lang='lat' dir='ltr'><strong> </strong></span> 
     </span>
    </p>
   </div>
  </div>
 </body>
</html>
