<?xml version="1.0" encoding="UTF-8"?>
<!DOCTYPE html PUBLIC "-//W3C//DTD XHTML 1.0 Transitional//EN"
    "http://www.w3.org/TR/xhtml1/DTD/xhtml1-transitional.dtd">
<html xmlns="http://www.w3.org/1999/xhtml" xml:lang="en" lang="en">
 <head>
  <title>
</title>
<meta http-equiv="Content-Type" content="text/html;charset=utf-8" />
  <meta name='ocr-system' content='tesseract 3.04.00' />
  <meta name='ocr-capabilities' content='ocr_page ocr_carea ocr_par ocr_line ocrx_word'/>
</head>
<body>
  <div class='ocr_page' id='page_1' title='image "./documentsrelati01reusgoog/documentsrelati01reusgoog_1086.png"; bbox 0 0 3232 4942; ppageno 0'>
   <div class='ocr_carea' id='block_1_1' title="bbox 700 419 886 481">
    <p class='ocr_par' dir='ltr' id='par_1_1' title="bbox 700 419 886 481">
     <span class='ocr_line' id='line_1_1' title="bbox 700 419 886 481; baseline 0.011 -1"><span class='ocrx_word' id='word_1_1' title='bbox 700 419 886 481; x_wconf 65' lang='lat' dir='ltr'>—lild-</span> 
     </span>
    </p>
   </div>
   <div class='ocr_carea' id='block_1_2' title="bbox 243 590 1347 3742">
    <p class='ocr_par' dir='ltr' id='par_1_2' title="bbox 252 590 1341 774">
     <span class='ocr_line' id='line_1_2' title="bbox 252 590 1341 668; baseline 0.008 -14"><span class='ocrx_word' id='word_1_2' title='bbox 252 590 287 654; x_wconf 93' lang='lat' dir='ltr'>in</span> <span class='ocrx_word' id='word_1_3' title='bbox 304 591 416 658; x_wconf 88' lang='lat' dir='ltr'>Castro</span> <span class='ocrx_word' id='word_1_4' title='bbox 433 593 579 659; x_wconf 89' lang='lat' dir='ltr'>Caesaris</span> <span class='ocrx_word' id='word_1_5' title='bbox 594 611 612 658; x_wconf 82' lang='lat' dir='ltr'><strong>a</strong></span> <span class='ocrx_word' id='word_1_6' title='bbox 629 595 829 662; x_wconf 90' lang='lat' dir='ltr'>nobilissimo</span> <span class='ocrx_word' id='word_1_7' title='bbox 845 597 976 662; x_wconf 91' lang='lat' dir='ltr'>domino</span> <span class='ocrx_word' id='word_1_8' title='bbox 990 597 1110 662; x_wconf 87' lang='lat' dir='ltr'>tacobo</span> <span class='ocrx_word' id='word_1_9' title='bbox 1126 597 1167 664; x_wconf 90' lang='lat' dir='ltr'>de</span> <span class='ocrx_word' id='word_1_10' title='bbox 1182 597 1341 668; x_wconf 85' lang='lat' dir='ltr'>llartinet.</span> 
     </span>
     <span class='ocr_line' id='line_1_3' title="bbox 255 689 1238 774; baseline 0.005 -19"><span class='ocrx_word' id='word_1_11' title='bbox 255 689 362 772; x_wconf 82' lang='lat' dir='ltr'>equite</span> <span class='ocrx_word' id='word_1_12' title='bbox 378 691 501 757; x_wconf 80' lang='lat' dir='ltr'>ordinis</span> <span class='ocrx_word' id='word_1_13' title='bbox 518 693 664 758; x_wconf 91' lang='lat' dir='ltr'>militaris</span> <span class='ocrx_word' id='word_1_14' title='bbox 681 696 783 760; x_wconf 91' lang='lat' dir='ltr'>sancti</span> <span class='ocrx_word' id='word_1_15' title='bbox 799 696 931 760; x_wconf 85' lang='lat' dir='ltr'>loannis</span> <span class='ocrx_word' id='word_1_16' title='bbox 948 697 980 760; x_wconf 95' lang='lat' dir='ltr'>in</span> <span class='ocrx_word' id='word_1_17' title='bbox 995 696 1170 762; x_wconf 77' lang='lat' dir='ltr'>Jerusalem</span> <span class='ocrx_word' id='word_1_18' title='bbox 1188 698 1238 774; x_wconf 75' lang='lat' dir='ltr'>(ll.</span> 
     </span>
    </p>

    <p class='ocr_par' dir='ltr' id='par_1_3' title="bbox 255 787 1344 1068">
     <span class='ocr_line' id='line_1_4' title="bbox 297 787 1344 873; baseline 0.008 -23"><span class='ocrx_word' id='word_1_19' title='bbox 297 787 425 855; x_wconf 79' lang='lat' dir='ltr'>Primus</span> <span class='ocrx_word' id='word_1_20' title='bbox 455 791 551 872; x_wconf 76' lang='lat' dir='ltr'>liuius</span> <span class='ocrx_word' id='word_1_21' title='bbox 580 793 642 857; x_wconf 90' lang='lat' dir='ltr'>loci</span> <span class='ocrx_word' id='word_1_22' title='bbox 672 795 867 873; x_wconf 77' lang='lat' dir='ltr'><strong>praefectus,</strong></span> <span class='ocrx_word' id='word_1_23' title='bbox 892 811 964 859; x_wconf 91' lang='lat' dir='ltr'>com</span> <span class='ocrx_word' id='word_1_24' title='bbox 993 795 1084 860; x_wconf 93' lang='lat' dir='ltr'>titulo</span> <span class='ocrx_word' id='word_1_25' title='bbox 1107 794 1255 871; x_wconf 91' lang='lat' dir='ltr'>rectoris,</span> <span class='ocrx_word' id='word_1_26' title='bbox 1284 793 1344 860; x_wconf 89' lang='lat' dir='ltr'>luit</span> 
     </span>
     <span class='ocr_line' id='line_1_5' title="bbox 255 885 1342 976; baseline 0.006 -22"><span class='ocrx_word' id='word_1_27' title='bbox 255 887 291 954; x_wconf 83' lang='grc' dir='ltr'>Ρ.</span> <span class='ocrx_word' id='word_1_28' title='bbox 309 885 468 956; x_wconf 75' lang='lat' dir='ltr'><strong>oliverius</strong></span> <span class='ocrx_word' id='word_1_29' title='bbox 486 893 527 960; x_wconf 84' lang='lat' dir='ltr'>tle</span> <span class='ocrx_word' id='word_1_30' title='bbox 539 892 656 974; x_wconf 66' lang='lat' dir='ltr'>Boreo,</span> <span class='ocrx_word' id='word_1_31' title='bbox 675 893 756 960; x_wconf 79' lang='lat' dir='ltr'>sorte</span> <span class='ocrx_word' id='word_1_32' title='bbox 777 893 874 970; x_wconf 86' lang='lat' dir='ltr'>idem,</span> <span class='ocrx_word' id='word_1_33' title='bbox 891 894 944 976; x_wconf 81' lang='lat' dir='ltr'>qui</span> <span class='ocrx_word' id='word_1_34' title='bbox 961 901 1072 976; x_wconf 84' lang='lat' dir='ltr'>postea</span> <span class='ocrx_word' id='word_1_35' title='bbox 1095 893 1342 976; x_wconf 76' lang='lat' dir='ltr'>subepiscopus</span> 
     </span>
     <span class='ocr_line' id='line_1_6' title="bbox 255 986 538 1068; baseline 0.014 -19"><span class='ocrx_word' id='word_1_36' title='bbox 255 986 474 1068; x_wconf 84' lang='lat' dir='ltr'>llrdagbensis</span> <span class='ocrx_word' id='word_1_37' title='bbox 490 991 538 1068; x_wconf 72' lang='lat' dir='ltr'>(ll.</span> 
     </span>
    </p>

    <p class='ocr_par' dir='ltr' id='par_1_4' title="bbox 243 1086 1347 3742">
     <span class='ocr_line' id='line_1_7' title="bbox 297 1086 1342 1172; baseline 0.006 -24"><span class='ocrx_word' id='word_1_38' title='bbox 297 1086 388 1151; x_wconf 82' lang='lat' dir='ltr'>Alma</span> <span class='ocrx_word' id='word_1_39' title='bbox 405 1088 615 1156; x_wconf 79' lang='lat' dir='ltr'>lovaniensis</span> <span class='ocrx_word' id='word_1_40' title='bbox 639 1090 848 1167; x_wconf 88' lang='lat' dir='ltr'>Universitas,</span> <span class='ocrx_word' id='word_1_41' title='bbox 866 1109 905 1158; x_wconf 84' lang='lat' dir='ltr'>ox</span> <span class='ocrx_word' id='word_1_42' title='bbox 922 1092 1079 1158; x_wconf 89' lang='lat' dir='ltr'>benevolo</span> <span class='ocrx_word' id='word_1_43' title='bbox 1100 1109 1160 1158; x_wconf 91' lang='lat' dir='ltr'>sno</span> <span class='ocrx_word' id='word_1_44' title='bbox 1183 1107 1258 1172; x_wconf 79' lang='lat' dir='ltr'>erga</span> <span class='ocrx_word' id='word_1_45' title='bbox 1279 1092 1342 1156; x_wconf 91' lang='lat' dir='ltr'>hos</span> 
     </span>
     <span class='ocr_line' id='line_1_8' title="bbox 256 1181 1342 1269; baseline 0.006 -23"><span class='ocrx_word' id='word_1_46' title='bbox 256 1181 373 1248; x_wconf 82' lang='lat' dir='ltr'>iratres</span> <span class='ocrx_word' id='word_1_47' title='bbox 399 1187 626 1254; x_wconf 76' lang='lat' dir='ltr'>dominicanos</span> <span class='ocrx_word' id='word_1_48' title='bbox 652 1190 762 1254; x_wconf 82' lang='lat' dir='ltr'>exules</span> <span class='ocrx_word' id='word_1_49' title='bbox 785 1191 913 1269; x_wconf 85' lang='lat' dir='ltr'>allecto,</span> <span class='ocrx_word' id='word_1_50' title='bbox 938 1191 1165 1258; x_wconf 84' lang='lat' dir='ltr'>serenissimae</span> <span class='ocrx_word' id='word_1_51' title='bbox 1194 1189 1342 1255; x_wconf 90' lang='lat' dir='ltr'>dominae</span> 
     </span>
     <span class='ocr_line' id='line_1_9' title="bbox 258 1281 1343 1372; baseline 0.006 -27"><span class='ocrx_word' id='word_1_52' title='bbox 258 1281 413 1350; x_wconf 87' lang='lat' dir='ltr'>lsabellae</span> <span class='ocrx_word' id='word_1_53' title='bbox 442 1286 552 1354; x_wconf 85' lang='lat' dir='ltr'>Clarae</span> <span class='ocrx_word' id='word_1_54' title='bbox 578 1289 754 1370; x_wconf 83' lang='lat' dir='ltr'>Eugeniae,</span> <span class='ocrx_word' id='word_1_55' title='bbox 789 1289 956 1371; x_wconf 69' lang='lat' dir='ltr'>Belgarum</span> <span class='ocrx_word' id='word_1_56' title='bbox 992 1290 1140 1372; x_wconf 75' lang='lat' dir='ltr'><strong>principi,</strong></span> <span class='ocrx_word' id='word_1_57' title='bbox 1170 1297 1343 1370; x_wconf 83' lang='lat' dir='ltr'>sequentes</span> 
     </span>
     <span class='ocr_line' id='line_1_10' title="bbox 257 1381 1344 1470; baseline 0.006 -25"><span class='ocrx_word' id='word_1_58' title='bbox 257 1381 344 1446; x_wconf 86' lang='lat' dir='ltr'>dedit</span> <span class='ocrx_word' id='word_1_59' title='bbox 361 1383 470 1448; x_wconf 81' lang='lat' dir='ltr'>literas</span> <span class='ocrx_word' id='word_1_60' title='bbox 488 1407 495 1448; x_wconf 91' lang='lat'>:</span> <span class='ocrx_word' id='word_1_61' title='bbox 514 1408 531 1444; x_wconf 79' lang='lat' dir='ltr'>n</span> <span class='ocrx_word' id='word_1_62' title='bbox 547 1385 685 1451; x_wconf 79' lang='lat' dir='ltr'>libellus</span> <span class='ocrx_word' id='word_1_63' title='bbox 702 1389 849 1468; x_wconf 87' lang='lat' dir='ltr'>supplex,</span> <span class='ocrx_word' id='word_1_64' title='bbox 863 1406 957 1470; x_wconf 85' lang='lat' dir='ltr'>quem</span> <span class='ocrx_word' id='word_1_65' title='bbox 974 1389 1201 1454; x_wconf 87' lang='lat' dir='ltr'>serenissimae</span> <span class='ocrx_word' id='word_1_66' title='bbox 1215 1387 1344 1452; x_wconf 82' lang='lat' dir='ltr'>Vestrae</span> 
     </span>
     <span class='ocr_line' id='line_1_11' title="bbox 259 1481 1345 1569; baseline 0.009 -31"><span class='ocrx_word' id='word_1_67' title='bbox 259 1503 273 1539; x_wconf 82' lang='lat' dir='ltr'>n</span> <span class='ocrx_word' id='word_1_68' title='bbox 290 1481 479 1546; x_wconf 76' lang='lat' dir='ltr'>eelsitudini</span> <span class='ocrx_word' id='word_1_69' title='bbox 504 1485 646 1565; x_wconf 84' lang='lat' dir='ltr'>porrexit</span> <span class='ocrx_word' id='word_1_70' title='bbox 662 1488 860 1552; x_wconf 89' lang='lat' dir='ltr'>reverendus</span> <span class='ocrx_word' id='word_1_71' title='bbox 885 1495 974 1569; x_wconf 90' lang='lat' dir='ltr'>pater</span> <span class='ocrx_word' id='word_1_72' title='bbox 990 1487 1203 1568; x_wconf 86' lang='lat' dir='ltr'>provincialis</span> <span class='ocrx_word' id='word_1_73' title='bbox 1219 1485 1345 1550; x_wconf 79' lang='lat' dir='ltr'>ordinis</span> 
     </span>
     <span class='ocr_line' id='line_1_12' title="bbox 261 1579 1345 1668; baseline 0.009 -30"><span class='ocrx_word' id='word_1_74' title='bbox 261 1599 274 1638; x_wconf 80' lang='lat' dir='ltr'>u</span> <span class='ocrx_word' id='word_1_75' title='bbox 293 1579 437 1644; x_wconf 78' lang='lat' dir='ltr'>Fratrum</span> <span class='ocrx_word' id='word_1_76' title='bbox 453 1581 712 1668; x_wconf 87' lang='lat' dir='ltr'>Praedicatorum</span> <span class='ocrx_word' id='word_1_77' title='bbox 727 1585 758 1648; x_wconf 92' lang='lat' dir='ltr'>in</span> <span class='ocrx_word' id='word_1_78' title='bbox 772 1585 934 1662; x_wconf 86' lang='lat' dir='ltr'>Hibernia,</span> <span class='ocrx_word' id='word_1_79' title='bbox 946 1604 1002 1667; x_wconf 91' lang='lat' dir='ltr'>per</span> <span class='ocrx_word' id='word_1_80' title='bbox 1014 1587 1125 1651; x_wconf 88' lang='lat' dir='ltr'>literas</span> <span class='ocrx_word' id='word_1_81' title='bbox 1137 1583 1345 1650; x_wconf 82' lang='lat' dir='ltr'>Celsitudinis</span> 
     </span>
     <span class='ocr_line' id='line_1_13' title="bbox 262 1675 1345 1766; baseline 0.009 -30"><span class='ocrx_word' id='word_1_82' title='bbox 262 1699 275 1736; x_wconf 80' lang='lat' dir='ltr'>n</span> <span class='ocrx_word' id='word_1_83' title='bbox 293 1675 426 1744; x_wconf 84' lang='lat' dir='ltr'>Vestrae</span> <span class='ocrx_word' id='word_1_84' title='bbox 443 1682 536 1746; x_wconf 90' lang='lat' dir='ltr'>nobis</span> <span class='ocrx_word' id='word_1_85' title='bbox 552 1683 807 1750; x_wconf 89' lang='lat' dir='ltr'>communicatus</span> <span class='ocrx_word' id='word_1_86' title='bbox 823 1695 882 1762; x_wconf 92' lang='lat' dir='ltr'>est,</span> <span class='ocrx_word' id='word_1_87' title='bbox 901 1703 972 1751; x_wconf 91' lang='lat' dir='ltr'>curn</span> <span class='ocrx_word' id='word_1_88' title='bbox 989 1686 1138 1766; x_wconf 88' lang='lat' dir='ltr'>adjnncta</span> <span class='ocrx_word' id='word_1_89' title='bbox 1154 1685 1293 1766; x_wconf 84' lang='lat' dir='ltr'>postilla,</span> <span class='ocrx_word' id='word_1_90' title='bbox 1310 1693 1345 1747; x_wconf 80' lang='lat' dir='ltr'>ut</span> 
     </span>
     <span class='ocr_line' id='line_1_14' title="bbox 261 1777 1344 1861; baseline 0.013 -25"><span class='ocrx_word' id='word_1_91' title='bbox 261 1777 434 1860; x_wconf 85' lang='lat' dir='ltr'>ndesnper</span> <span class='ocrx_word' id='word_1_92' title='bbox 459 1780 614 1861; x_wconf 76' lang='lat' dir='ltr'>iudicium</span> <span class='ocrx_word' id='word_1_93' title='bbox 645 1792 790 1848; x_wconf 90' lang='lat' dir='ltr'>nostrum</span> <span class='ocrx_word' id='word_1_94' title='bbox 819 1785 1086 1850; x_wconf 83' lang='lat' dir='ltr'>rescriberemus.</span> <span class='ocrx_word' id='word_1_95' title='bbox 1114 1784 1170 1850; x_wconf 85' lang='lat' dir='ltr'>Cui</span> <span class='ocrx_word' id='word_1_96' title='bbox 1195 1785 1344 1850; x_wconf 82' lang='lat' dir='ltr'>mandato</span> 
     </span>
     <span class='ocr_line' id='line_1_15' title="bbox 260 1885 1343 1966; baseline 0.008 -30"><span class='ocrx_word' id='word_1_97' title='bbox 260 1895 354 1942; x_wconf 79' lang='lat' dir='ltr'>soon</span> <span class='ocrx_word' id='word_1_98' title='bbox 383 1895 556 1959; x_wconf 89' lang='lat' dir='ltr'>possumus</span> <span class='ocrx_word' id='word_1_99' title='bbox 583 1899 645 1946; x_wconf 91' lang='lat' dir='ltr'>non</span> <span class='ocrx_word' id='word_1_100' title='bbox 673 1894 819 1964; x_wconf 91' lang='lat' dir='ltr'>prompte</span> <span class='ocrx_word' id='word_1_101' title='bbox 844 1885 991 1966; x_wconf 82' lang='lat' dir='ltr'>obsequi.</span> <span class='ocrx_word' id='word_1_102' title='bbox 1021 1885 1128 1966; x_wconf 85' lang='lat' dir='ltr'>ltaque</span> <span class='ocrx_word' id='word_1_103' title='bbox 1154 1893 1343 1949; x_wconf 86' lang='lat' dir='ltr'>attestamur</span> 
     </span>
     <span class='ocr_line' id='line_1_16' title="bbox 260 1981 1340 2065; baseline 0.007 -29"><span class='ocrx_word' id='word_1_104' title='bbox 260 1993 402 2040; x_wconf 69' lang='lat' dir='ltr'>»rerum</span> <span class='ocrx_word' id='word_1_105' title='bbox 426 1996 511 2056; x_wconf 91' lang='lat' dir='ltr'>esse,</span> <span class='ocrx_word' id='word_1_106' title='bbox 529 1981 614 2061; x_wconf 84' lang='lat' dir='ltr'>quod</span> <span class='ocrx_word' id='word_1_107' title='bbox 641 1981 673 2045; x_wconf 92' lang='lat' dir='ltr'>in</span> <span class='ocrx_word' id='word_1_108' title='bbox 698 1985 811 2048; x_wconf 91' lang='lat' dir='ltr'>eodem</span> <span class='ocrx_word' id='word_1_109' title='bbox 838 1983 974 2065; x_wconf 90' lang='lat' dir='ltr'>supplici</span> <span class='ocrx_word' id='word_1_110' title='bbox 997 1984 1106 2049; x_wconf 88' lang='lat' dir='ltr'>libello</span> <span class='ocrx_word' id='word_1_111' title='bbox 1128 1986 1309 2049; x_wconf 86' lang='lat' dir='ltr'>continetur</span> <span class='ocrx_word' id='word_1_112' title='bbox 1333 2006 1340 2044; x_wconf 91' lang='lat'>:</span> 
     </span>
     <span class='ocr_line' id='line_1_17' title="bbox 261 2075 1344 2162; baseline 0.011 -28"><span class='ocrx_word' id='word_1_113' title='bbox 261 2095 275 2134; x_wconf 73' lang='lat' dir='ltr'>t</span> <span class='ocrx_word' id='word_1_114' title='bbox 294 2075 464 2157; x_wconf 84' lang='lat' dir='ltr'>religiosos</span> <span class='ocrx_word' id='word_1_115' title='bbox 477 2077 597 2160; x_wconf 85' lang='lat' dir='ltr'>aliquot</span> <span class='ocrx_word' id='word_1_116' title='bbox 609 2079 767 2147; x_wconf 85' lang='lat' dir='ltr'>ilibernos</span> <span class='ocrx_word' id='word_1_117' title='bbox 781 2084 934 2162; x_wconf 85' lang='lat' dir='ltr'>praedicti</span> <span class='ocrx_word' id='word_1_118' title='bbox 943 2083 1066 2148; x_wconf 92' lang='lat' dir='ltr'>ordinis</span> <span class='ocrx_word' id='word_1_119' title='bbox 1078 2083 1181 2148; x_wconf 90' lang='lat' dir='ltr'>sancti</span> <span class='ocrx_word' id='word_1_120' title='bbox 1192 2081 1344 2148; x_wconf 83' lang='lat' dir='ltr'>bomioici</span> 
     </span>
     <span class='ocr_line' id='line_1_18' title="bbox 261 2175 1346 2247; baseline 0.011 -15"><span class='ocrx_word' id='word_1_121' title='bbox 261 2191 331 2239; x_wconf 77' lang='lat' dir='ltr'>nex</span> <span class='ocrx_word' id='word_1_122' title='bbox 354 2175 515 2242; x_wconf 91' lang='lat' dir='ltr'>conducto</span> <span class='ocrx_word' id='word_1_123' title='bbox 537 2178 715 2245; x_wconf 88' lang='lat' dir='ltr'>inhabitare</span> <span class='ocrx_word' id='word_1_124' title='bbox 739 2181 871 2246; x_wconf 92' lang='lat' dir='ltr'>domurn</span> <span class='ocrx_word' id='word_1_125' title='bbox 897 2181 1064 2247; x_wconf 87' lang='lat' dir='ltr'>militarem</span> <span class='ocrx_word' id='word_1_126' title='bbox 1089 2183 1190 2247; x_wconf 89' lang='lat' dir='ltr'>sancti</span> <span class='ocrx_word' id='word_1_127' title='bbox 1212 2179 1346 2247; x_wconf 87' lang='lat' dir='ltr'>loannis</span> 
     </span>
     <span class='ocr_line' id='line_1_19' title="bbox 262 2273 1347 2360; baseline 0.012 -27"><span class='ocrx_word' id='word_1_128' title='bbox 262 2295 276 2333; x_wconf 74' lang='grc' dir='ltr'><strong>ι</strong></span> <span class='ocrx_word' id='word_1_129' title='bbox 294 2273 482 2352; x_wconf 85' lang='lat' dir='ltr'>Melitensis,</span> <span class='ocrx_word' id='word_1_130' title='bbox 497 2294 578 2357; x_wconf 86' lang='lat' dir='ltr'>quae</span> <span class='ocrx_word' id='word_1_131' title='bbox 594 2279 625 2342; x_wconf 95' lang='lat' dir='ltr'>in</span> <span class='ocrx_word' id='word_1_132' title='bbox 640 2279 701 2344; x_wconf 87' lang='lat' dir='ltr'>lroc</span> <span class='ocrx_word' id='word_1_133' title='bbox 718 2279 837 2360; x_wconf 90' lang='lat' dir='ltr'>oppido</span> <span class='ocrx_word' id='word_1_134' title='bbox 850 2281 1040 2347; x_wconf 75' lang='lat' dir='ltr'>lovaniensi</span> <span class='ocrx_word' id='word_1_135' title='bbox 1057 2282 1118 2347; x_wconf 89' lang='lat' dir='ltr'>sita</span> <span class='ocrx_word' id='word_1_136' title='bbox 1131 2291 1180 2346; x_wconf 91' lang='lat' dir='ltr'>est</span> <span class='ocrx_word' id='word_1_137' title='bbox 1192 2282 1224 2345; x_wconf 93' lang='lat' dir='ltr'>in</span> <span class='ocrx_word' id='word_1_138' title='bbox 1236 2288 1347 2346; x_wconf 87' lang='lat' dir='ltr'>monte</span> 
     </span>
     <span class='ocr_line' id='line_1_20' title="bbox 262 2375 1345 2462; baseline 0.01 -29"><span class='ocrx_word' id='word_1_139' title='bbox 262 2393 276 2432; x_wconf 83' lang='lat' dir='ltr'>u</span> <span class='ocrx_word' id='word_1_140' title='bbox 294 2389 333 2437; x_wconf 88' lang='lat' dir='ltr'>ex</span> <span class='ocrx_word' id='word_1_141' title='bbox 346 2375 495 2454; x_wconf 91' lang='lat' dir='ltr'>opposito</span> <span class='ocrx_word' id='word_1_142' title='bbox 507 2377 602 2442; x_wconf 89' lang='lat' dir='ltr'>castri</span> <span class='ocrx_word' id='word_1_143' title='bbox 616 2377 698 2445; x_wconf 89' lang='lat' dir='ltr'>Suae</span> <span class='ocrx_word' id='word_1_144' title='bbox 710 2379 817 2462; x_wconf 84' lang='lat' dir='ltr'>regiae</span> <span class='ocrx_word' id='word_1_145' title='bbox 829 2380 1200 2462; x_wconf 85' lang='lat' dir='ltr'>catholicaellajestatis,</span> <span class='ocrx_word' id='word_1_146' title='bbox 1211 2396 1345 2462; x_wconf 85' lang='lat' dir='ltr'>eamque</span> 
     </span>
     <span class='ocr_line' id='line_1_21' title="bbox 261 2471 1344 2560; baseline 0.01 -30"><span class='ocrx_word' id='word_1_147' title='bbox 261 2491 275 2529; x_wconf 81' lang='lat' dir='ltr'>u</span> <span class='ocrx_word' id='word_1_148' title='bbox 295 2471 492 2540; x_wconf 81' lang='lat' dir='ltr'>inhabitasse</span> <span class='ocrx_word' id='word_1_149' title='bbox 513 2493 569 2557; x_wconf 93' lang='lat' dir='ltr'>per</span> <span class='ocrx_word' id='word_1_150' title='bbox 584 2478 667 2542; x_wconf 90' lang='lat' dir='ltr'>duos</span> <span class='ocrx_word' id='word_1_151' title='bbox 683 2479 811 2544; x_wconf 88' lang='lat' dir='ltr'>circiter</span> <span class='ocrx_word' id='word_1_152' title='bbox 825 2495 928 2546; x_wconf 90' lang='lat' dir='ltr'>annos</span> <span class='ocrx_word' id='word_1_153' title='bbox 950 2497 1009 2560; x_wconf 91' lang='lat' dir='ltr'>pro</span> <span class='ocrx_word' id='word_1_154' title='bbox 1032 2487 1120 2545; x_wconf 92' lang='lat' dir='ltr'>certa</span> <span class='ocrx_word' id='word_1_155' title='bbox 1139 2495 1244 2543; x_wconf 88' lang='lat' dir='ltr'>annua</span> <span class='ocrx_word' id='word_1_156' title='bbox 1263 2493 1344 2560; x_wconf 88' lang='lat' dir='ltr'>pen-</span> 
     </span>
     <span class='ocr_line' id='line_1_22' title="bbox 262 2572 1345 2661; baseline 0.012 -31"><span class='ocrx_word' id='word_1_157' title='bbox 262 2593 275 2630; x_wconf 79' lang='lat' dir='ltr'>o</span> <span class='ocrx_word' id='word_1_158' title='bbox 294 2572 397 2650; x_wconf 88' lang='lat' dir='ltr'>sione,</span> <span class='ocrx_word' id='word_1_159' title='bbox 415 2590 452 2638; x_wconf 89' lang='lat' dir='ltr'>ac</span> <span class='ocrx_word' id='word_1_160' title='bbox 468 2575 499 2638; x_wconf 94' lang='lat' dir='ltr'>in</span> <span class='ocrx_word' id='word_1_161' title='bbox 523 2577 633 2642; x_wconf 89' lang='lat' dir='ltr'>eadem</span> <span class='ocrx_word' id='word_1_162' title='bbox 658 2578 708 2658; x_wconf 91' lang='lat' dir='ltr'>pie</span> <span class='ocrx_word' id='word_1_163' title='bbox 724 2586 755 2643; x_wconf 92' lang='lat' dir='ltr'>et</span> <span class='ocrx_word' id='word_1_164' title='bbox 771 2578 922 2661; x_wconf 82' lang='lat' dir='ltr'>religiose</span> <span class='ocrx_word' id='word_1_165' title='bbox 943 2579 1062 2644; x_wconf 84' lang='lat' dir='ltr'>vivere.</span> <span class='ocrx_word' id='word_1_166' title='bbox 1080 2579 1202 2644; x_wconf 87' lang='lat' dir='ltr'>Bollam</span> <span class='ocrx_word' id='word_1_167' title='bbox 1225 2577 1345 2643; x_wconf 81' lang='lat' dir='ltr'>babent</span> 
     </span>
     <span class='ocr_line' id='line_1_23' title="bbox 262 2672 1343 2759; baseline 0.012 -30"><span class='ocrx_word' id='word_1_168' title='bbox 262 2693 276 2729; x_wconf 79' lang='lat' dir='ltr'>r</span> <span class='ocrx_word' id='word_1_169' title='bbox 293 2672 503 2751; x_wconf 89' lang='lat' dir='ltr'>apostolicam</span> <span class='ocrx_word' id='word_1_170' title='bbox 526 2692 542 2739; x_wconf 92' lang='lat' dir='ltr'>a</span> <span class='ocrx_word' id='word_1_171' title='bbox 559 2675 614 2739; x_wconf 86' lang='lat' dir='ltr'>SS.</span> <span class='ocrx_word' id='word_1_172' title='bbox 632 2677 669 2739; x_wconf 81' lang='lat' dir='ltr'>l).</span> <span class='ocrx_word' id='word_1_173' title='bbox 686 2694 766 2759; x_wconf 88' lang='lat' dir='ltr'>papa</span> <span class='ocrx_word' id='word_1_174' title='bbox 789 2680 956 2754; x_wconf 89' lang='lat' dir='ltr'>moderno,</span> <span class='ocrx_word' id='word_1_175' title='bbox 975 2677 1148 2744; x_wconf 82' lang='lat' dir='ltr'>benedicto</span> <span class='ocrx_word' id='word_1_176' title='bbox 1165 2677 1248 2752; x_wconf 91' lang='lat' dir='ltr'>lllll,</span> <span class='ocrx_word' id='word_1_177' title='bbox 1266 2693 1343 2742; x_wconf 91' lang='lat' dir='ltr'>con-</span> 
     </span>
     <span class='ocr_line' id='line_1_24' title="bbox 262 2773 1342 2859; baseline 0.01 -29"><span class='ocrx_word' id='word_1_178' title='bbox 262 2791 275 2828; x_wconf 86' lang='lat' dir='ltr'>u</span> <span class='ocrx_word' id='word_1_179' title='bbox 294 2787 430 2848; x_wconf 87' lang='lat' dir='ltr'>cessam,</span> <span class='ocrx_word' id='word_1_180' title='bbox 451 2779 483 2836; x_wconf 93' lang='lat' dir='ltr'>ut</span> <span class='ocrx_word' id='word_1_181' title='bbox 497 2773 529 2836; x_wconf 93' lang='lat' dir='ltr'>in</span> <span class='ocrx_word' id='word_1_182' title='bbox 551 2775 662 2840; x_wconf 87' lang='lat' dir='ltr'>eadem</span> <span class='ocrx_word' id='word_1_183' title='bbox 685 2777 782 2842; x_wconf 93' lang='lat' dir='ltr'>domo</span> <span class='ocrx_word' id='word_1_184' title='bbox 805 2778 848 2842; x_wconf 90' lang='lat' dir='ltr'>uti</span> <span class='ocrx_word' id='word_1_185' title='bbox 866 2777 992 2858; x_wconf 89' lang='lat' dir='ltr'>possint</span> <span class='ocrx_word' id='word_1_186' title='bbox 1009 2777 1099 2842; x_wconf 88' lang='lat' dir='ltr'>altari</span> <span class='ocrx_word' id='word_1_187' title='bbox 1124 2777 1342 2859; x_wconf 80' lang='lat' dir='ltr'>privilegiato;</span> 
     </span>
     <span class='ocr_line' id='line_1_25' title="bbox 262 2869 1345 2951; baseline 0.009 -23"><span class='ocrx_word' id='word_1_188' title='bbox 262 2869 331 2934; x_wconf 80' lang='lat' dir='ltr'>rad</span> <span class='ocrx_word' id='word_1_189' title='bbox 356 2870 448 2951; x_wconf 89' lang='lat' dir='ltr'>cujus</span> <span class='ocrx_word' id='word_1_190' title='bbox 471 2872 576 2937; x_wconf 90' lang='lat' dir='ltr'>bullae</span> <span class='ocrx_word' id='word_1_191' title='bbox 598 2873 715 2940; x_wconf 89' lang='lat' dir='ltr'>seriem</span> <span class='ocrx_word' id='word_1_192' title='bbox 740 2891 796 2941; x_wconf 91' lang='lat' dir='ltr'>seu</span> <span class='ocrx_word' id='word_1_193' title='bbox 824 2883 968 2942; x_wconf 90' lang='lat' dir='ltr'>tenorem</span> <span class='ocrx_word' id='word_1_194' title='bbox 992 2892 1050 2941; x_wconf 92' lang='lat' dir='ltr'>nos</span> <span class='ocrx_word' id='word_1_195' title='bbox 1074 2875 1255 2941; x_wconf 74' lang='lat' dir='ltr'>referimus.</span> <span class='ocrx_word' id='word_1_196' title='bbox 1275 2875 1345 2940; x_wconf 90' lang='lat' dir='ltr'>lloc</span> 
     </span>
     <span class='ocr_line' id='line_1_26' title="bbox 263 2967 1345 3056; baseline 0.012 -30"><span class='ocrx_word' id='word_1_197' title='bbox 263 2967 427 3049; x_wconf 72' lang='lat' dir='ltr'>»insuper</span> <span class='ocrx_word' id='word_1_198' title='bbox 443 2979 641 3048; x_wconf 86' lang='lat' dir='ltr'>attestamur,</span> <span class='ocrx_word' id='word_1_199' title='bbox 659 2973 790 3038; x_wconf 92' lang='lat' dir='ltr'>eosdem</span> <span class='ocrx_word' id='word_1_200' title='bbox 815 2974 987 3056; x_wconf 81' lang='lat' dir='ltr'>religiosos</span> <span class='ocrx_word' id='word_1_201' title='bbox 1009 2973 1157 3038; x_wconf 87' lang='lat' dir='ltr'>astudiis</span> <span class='ocrx_word' id='word_1_202' title='bbox 1180 2983 1211 3040; x_wconf 90' lang='lat' dir='ltr'>et</span> <span class='ocrx_word' id='word_1_203' title='bbox 1226 2974 1345 3056; x_wconf 87' lang='lat' dir='ltr'>pietate</span> 
     </span>
     <span class='ocr_line' id='line_1_27' title="bbox 262 3067 1344 3158; baseline 0.01 -33"><span class='ocrx_word' id='word_1_204' title='bbox 262 3086 275 3124; x_wconf 74' lang='lat' dir='ltr'>a</span> <span class='ocrx_word' id='word_1_205' title='bbox 294 3083 368 3130; x_wconf 90' lang='lat' dir='ltr'>esse</span> <span class='ocrx_word' id='word_1_206' title='bbox 383 3067 476 3133; x_wconf 90' lang='lat' dir='ltr'>valde</span> <span class='ocrx_word' id='word_1_207' title='bbox 496 3071 779 3148; x_wconf 87' lang='lat' dir='ltr'>commendabiles,</span> <span class='ocrx_word' id='word_1_208' title='bbox 797 3079 829 3137; x_wconf 92' lang='lat' dir='ltr'>ut</span> <span class='ocrx_word' id='word_1_209' title='bbox 852 3090 912 3137; x_wconf 90' lang='lat' dir='ltr'>suo</span> <span class='ocrx_word' id='word_1_210' title='bbox 928 3083 1072 3155; x_wconf 90' lang='lat' dir='ltr'>tempore</span> <span class='ocrx_word' id='word_1_211' title='bbox 1095 3075 1222 3158; x_wconf 90' lang='lat' dir='ltr'>possint</span> <span class='ocrx_word' id='word_1_212' title='bbox 1237 3071 1344 3138; x_wconf 86' lang='lat' dir='ltr'>erudi-</span> 
     </span>
     <span class='ocr_line' id='line_1_28' title="bbox 262 3163 1344 3246; baseline 0.011 -22"><span class='ocrx_word' id='word_1_213' title='bbox 262 3163 381 3230; x_wconf 80' lang='lat' dir='ltr'>utione</span> <span class='ocrx_word' id='word_1_214' title='bbox 406 3183 443 3231; x_wconf 93' lang='lat' dir='ltr'>ac</span> <span class='ocrx_word' id='word_1_215' title='bbox 466 3167 619 3234; x_wconf 79' lang='lat' dir='ltr'>uirtutum</span> <span class='ocrx_word' id='word_1_216' title='bbox 641 3171 740 3234; x_wconf 90' lang='lat' dir='ltr'>armis</span> <span class='ocrx_word' id='word_1_217' title='bbox 762 3171 911 3236; x_wconf 91' lang='lat' dir='ltr'>hostibus</span> <span class='ocrx_word' id='word_1_218' title='bbox 933 3171 1096 3238; x_wconf 84' lang='lat' dir='ltr'>Ecclesiae</span> <span class='ocrx_word' id='word_1_219' title='bbox 1117 3171 1283 3246; x_wconf 86' lang='lat' dir='ltr'>resistere,</span> <span class='ocrx_word' id='word_1_220' title='bbox 1305 3187 1344 3236; x_wconf 82' lang='lat' dir='ltr'>ac</span> 
     </span>
     <span class='ocr_line' id='line_1_29' title="bbox 260 3265 1341 3352; baseline 0.013 -31"><span class='ocrx_word' id='word_1_221' title='bbox 260 3285 273 3321; x_wconf 78' lang='lat' dir='ltr'>u</span> <span class='ocrx_word' id='word_1_222' title='bbox 291 3280 364 3327; x_wconf 91' lang='lat' dir='ltr'>cnm</span> <span class='ocrx_word' id='word_1_223' title='bbox 377 3265 491 3331; x_wconf 90' lang='lat' dir='ltr'>iisdem</span> <span class='ocrx_word' id='word_1_224' title='bbox 504 3267 639 3334; x_wconf 89' lang='lat' dir='ltr'>viriliter·</span> <span class='ocrx_word' id='word_1_225' title='bbox 650 3269 814 3345; x_wconf 90' lang='lat' dir='ltr'>dimicare,</span> <span class='ocrx_word' id='word_1_226' title='bbox 829 3279 862 3335; x_wconf 91' lang='lat' dir='ltr'>ut</span> <span class='ocrx_word' id='word_1_227' title='bbox 873 3271 1045 3352; x_wconf 87' lang='lat' dir='ltr'>aliquando</span> <span class='ocrx_word' id='word_1_228' title='bbox 1056 3271 1088 3334; x_wconf 94' lang='lat' dir='ltr'>in</span> <span class='ocrx_word' id='word_1_229' title='bbox 1102 3288 1191 3336; x_wconf 89' lang='lat' dir='ltr'>snam</span> <span class='ocrx_word' id='word_1_230' title='bbox 1207 3272 1341 3352; x_wconf 84' lang='lat' dir='ltr'>patriam</span> 
     </span>
     <span class='ocr_line' id='line_1_30' title="bbox 261 3363 1341 3442; baseline 0.012 -22"><span class='ocrx_word' id='word_1_231' title='bbox 261 3385 274 3420; x_wconf 79' lang='lat' dir='ltr'>r</span> <span class='ocrx_word' id='word_1_232' title='bbox 293 3363 456 3430; x_wconf 87' lang='lat' dir='ltr'>redierint.</span> <span class='ocrx_word' id='word_1_233' title='bbox 488 3366 610 3442; x_wconf 89' lang='lat' dir='ltr'>Quibus</span> <span class='ocrx_word' id='word_1_234' title='bbox 640 3377 727 3434; x_wconf 90' lang='lat' dir='ltr'>tanto</span> <span class='ocrx_word' id='word_1_235' title='bbox 756 3369 907 3434; x_wconf 88' lang='lat' dir='ltr'>libentius</span> <span class='ocrx_word' id='word_1_236' title='bbox 930 3369 992 3434; x_wconf 92' lang='lat' dir='ltr'>hoc</span> <span class='ocrx_word' id='word_1_237' title='bbox 1021 3379 1133 3436; x_wconf 89' lang='lat' dir='ltr'>nostro</span> <span class='ocrx_word' id='word_1_238' title='bbox 1155 3367 1341 3435; x_wconf 89' lang='lat' dir='ltr'>testimonio</span> 
     </span>
     <span class='ocr_line' id='line_1_31' title="bbox 261 3464 1341 3551; baseline 0.009 -29"><span class='ocrx_word' id='word_1_239' title='bbox 261 3464 498 3543; x_wconf 78' lang='lat' dir='ltr'>copitulamur,</span> <span class='ocrx_word' id='word_1_240' title='bbox 525 3467 610 3548; x_wconf 87' lang='lat' dir='ltr'>quod</span> <span class='ocrx_word' id='word_1_241' title='bbox 637 3484 724 3532; x_wconf 89' lang='lat' dir='ltr'>arma</span> <span class='ocrx_word' id='word_1_242' title='bbox 750 3485 828 3534; x_wconf 84' lang='lat' dir='ltr'>suae</span> <span class='ocrx_word' id='word_1_243' title='bbox 857 3469 1122 3551; x_wconf 78' lang='lat' dir='ltr'>propugnationis</span> <span class='ocrx_word' id='word_1_244' title='bbox 1148 3469 1178 3534; x_wconf 91' lang='lat' dir='ltr'>in</span> <span class='ocrx_word' id='word_1_245' title='bbox 1204 3485 1279 3535; x_wconf 86' lang='lat' dir='ltr'>vcra</span> <span class='ocrx_word' id='word_1_246' title='bbox 1309 3478 1341 3534; x_wconf 87' lang='lat' dir='ltr'>et</span> 
     </span>
     <span class='ocr_line' id='line_1_32' title="bbox 243 3563 1340 3635; baseline 0.008 -14"><span class='ocrx_word' id='word_1_247' title='bbox 243 3589 245 3592; x_wconf 96' lang='lat'>·</span> <span class='ocrx_word' id='word_1_248' title='bbox 261 3581 274 3621; x_wconf 72' lang='lat' dir='ltr'>a</span> <span class='ocrx_word' id='word_1_249' title='bbox 292 3563 448 3630; x_wconf 88' lang='lat' dir='ltr'>catholica</span> <span class='ocrx_word' id='word_1_250' title='bbox 462 3575 590 3632; x_wconf 90' lang='lat' dir='ltr'>nostrae</span> <span class='ocrx_word' id='word_1_251' title='bbox 601 3565 791 3633; x_wconf 86' lang='lat' dir='ltr'>Academiae</span> <span class='ocrx_word' id='word_1_252' title='bbox 804 3567 1013 3633; x_wconf 80' lang='lat' dir='ltr'>lovaniensis</span> <span class='ocrx_word' id='word_1_253' title='bbox 1025 3570 1135 3635; x_wconf 88' lang='lat' dir='ltr'>schola</span> <span class='ocrx_word' id='word_1_254' title='bbox 1150 3577 1182 3634; x_wconf 92' lang='lat' dir='ltr'>et</span> <span class='ocrx_word' id='word_1_255' title='bbox 1193 3567 1340 3634; x_wconf 87' lang='lat' dir='ltr'>doctrina</span> 
     </span>
     <span class='ocr_line' id='line_1_33' title="bbox 261 3661 1340 3742; baseline 0.006 -20"><span class='ocrx_word' id='word_1_256' title='bbox 261 3683 274 3722; x_wconf 80' lang='lat' dir='ltr'>r</span> <span class='ocrx_word' id='word_1_257' title='bbox 291 3661 469 3740; x_wconf 88' lang='lat' dir='ltr'>instruant;</span> <span class='ocrx_word' id='word_1_258' title='bbox 483 3663 599 3732; x_wconf 88' lang='lat' dir='ltr'>deinde</span> <span class='ocrx_word' id='word_1_259' title='bbox 615 3667 708 3732; x_wconf 86' lang='lat' dir='ltr'>etiam</span> <span class='ocrx_word' id='word_1_260' title='bbox 725 3685 764 3733; x_wconf 90' lang='lat' dir='ltr'>eo</span> <span class='ocrx_word' id='word_1_261' title='bbox 776 3667 940 3742; x_wconf 90' lang='lat' dir='ltr'>libentius,</span> <span class='ocrx_word' id='word_1_262' title='bbox 955 3678 988 3734; x_wconf 91' lang='lat' dir='ltr'>ot</span> <span class='ocrx_word' id='word_1_263' title='bbox 1004 3667 1052 3734; x_wconf 90' lang='lat' dir='ltr'>sic</span> <span class='ocrx_word' id='word_1_264' title='bbox 1067 3669 1161 3734; x_wconf 89' lang='lat' dir='ltr'>etiam</span> <span class='ocrx_word' id='word_1_265' title='bbox 1173 3667 1340 3734; x_wconf 89' lang='lat' dir='ltr'>videamur</span> 
     </span>
    </p>
   </div>
   <div class='ocr_carea' id='block_1_3' title="bbox 255 3877 1346 4227">
    <p class='ocr_par' dir='ltr' id='par_1_5' title="bbox 255 3877 1346 4134">
     <span class='ocr_line' id='line_1_34' title="bbox 294 3877 1343 3954; baseline 0.006 -24"><span class='ocrx_word' id='word_1_266' title='bbox 294 3877 333 3948; x_wconf 81' lang='lat' dir='ltr'>(l)</span> <span class='ocrx_word' id='word_1_267' title='bbox 353 3879 416 3933; x_wconf 76' lang='lat' dir='ltr'>ruit</span> <span class='ocrx_word' id='word_1_268' title='bbox 429 3879 497 3933; x_wconf 87' lang='lat' dir='ltr'>olim</span> <span class='ocrx_word' id='word_1_269' title='bbox 507 3880 728 3952; x_wconf 85' lang='lat' dir='ltr'>Templariorum</span> <span class='ocrx_word' id='word_1_270' title='bbox 738 3879 805 3936; x_wconf 83' lang='lat' dir='ltr'>haec</span> <span class='ocrx_word' id='word_1_271' title='bbox 818 3881 934 3937; x_wconf 61' lang='lat' dir='ltr'>ecclesia</span> <span class='ocrx_word' id='word_1_272' title='bbox 944 3900 1007 3938; x_wconf 89' lang='lat' dir='ltr'>cum</span> <span class='ocrx_word' id='word_1_273' title='bbox 1016 3883 1131 3937; x_wconf 77' lang='lat' dir='ltr'>aedibus</span> <span class='ocrx_word' id='word_1_274' title='bbox 1141 3881 1343 3954; x_wconf 84' lang='lat' dir='ltr'>adjacentibus.</span> 
     </span>
     <span class='ocr_line' id='line_1_35' title="bbox 257 3967 1346 4042; baseline 0.004 -20"><span class='ocrx_word' id='word_1_275' title='bbox 257 3967 337 4022; x_wconf 80' lang='lat' dir='ltr'>Anno</span> <span class='ocrx_word' id='word_1_276' title='bbox 356 3969 464 4025; x_wconf 88' lang='lat' dir='ltr'>circiter</span> <span class='ocrx_word' id='word_1_277' title='bbox 486 3971 554 4025; x_wconf 87' lang='grc'>1798</span> <span class='ocrx_word' id='word_1_278' title='bbox 568 3971 684 4027; x_wconf 81' lang='lat' dir='ltr'>ecclesie</span> <span class='ocrx_word' id='word_1_279' title='bbox 696 3989 759 4028; x_wconf 88' lang='lat' dir='ltr'>oum</span> <span class='ocrx_word' id='word_1_280' title='bbox 778 3975 848 4027; x_wconf 87' lang='lat' dir='ltr'>turri</span> <span class='ocrx_word' id='word_1_281' title='bbox 862 3973 1004 4028; x_wconf 83' lang='lat' dir='ltr'>devastata</span> <span class='ocrx_word' id='word_1_282' title='bbox 1021 3973 1083 4036; x_wconf 83' lang='lat' dir='ltr'>suit,</span> <span class='ocrx_word' id='word_1_283' title='bbox 1099 3971 1188 4042; x_wconf 75' lang='lat' dir='ltr'>belgii</span> <span class='ocrx_word' id='word_1_284' title='bbox 1209 3971 1346 4041; x_wconf 73' lang='lat' dir='ltr'>regimine</span> 
     </span>
     <span class='ocr_line' id='line_1_36' title="bbox 255 4063 1012 4134; baseline 0.012 -21"><span class='ocrx_word' id='word_1_285' title='bbox 255 4065 366 4131; x_wconf 79' lang='lat' dir='ltr'>arrepto</span> <span class='ocrx_word' id='word_1_286' title='bbox 379 4079 396 4115; x_wconf 82' lang='lat' dir='ltr'>s</span> <span class='ocrx_word' id='word_1_287' title='bbox 409 4064 645 4132; x_wconf 80' lang='lat' dir='ltr'>perturbatoribus</span> <span class='ocrx_word' id='word_1_288' title='bbox 660 4063 827 4134; x_wconf 77' lang='lat' dir='ltr'>reipublicae</span> <span class='ocrx_word' id='word_1_289' title='bbox 841 4063 1012 4122; x_wconf 80' lang='lat' dir='ltr'>Gallicanae.</span> 
     </span>
    </p>

    <p class='ocr_par' dir='ltr' id='par_1_6' title="bbox 293 4151 1003 4227">
     <span class='ocr_line' id='line_1_37' title="bbox 293 4151 1003 4227; baseline 0.008 -23"><span class='ocrx_word' id='word_1_290' title='bbox 293 4151 331 4221; x_wconf 70' lang='grc' dir='ltr'>(ἓ)</span> <span class='ocrx_word' id='word_1_291' title='bbox 352 4151 467 4208; x_wconf 79' lang='lat' dir='ltr'>Vivebat</span> <span class='ocrx_word' id='word_1_292' title='bbox 479 4155 569 4208; x_wconf 86' lang='lat' dir='ltr'>adbuc</span> <span class='ocrx_word' id='word_1_293' title='bbox 582 4171 655 4209; x_wconf 85' lang='lat' dir='ltr'>anno</span> <span class='ocrx_word' id='word_1_294' title='bbox 673 4155 741 4210; x_wconf 78' lang='grc'>1048</span> <span class='ocrx_word' id='word_1_295' title='bbox 756 4155 893 4211; x_wconf 84' lang='lat' dir='ltr'>Olirerins</span> <span class='ocrx_word' id='word_1_296' title='bbox 909 4157 1003 4227; x_wconf 80' lang='lat' dir='ltr'>Daroy.</span> 
     </span>
    </p>
   </div>
   <div class='ocr_carea' id='block_1_4' title="bbox 0 0 1626 4942">
    <p class='ocr_par' dir='ltr' id='par_1_7' title="bbox 0 0 1626 4942">
     <span class='ocr_line' id='line_1_38' title="bbox 0 0 1626 4942; baseline 0 0"><span class='ocrx_word' id='word_1_297' title='bbox 0 0 1626 4942; x_wconf 95' lang='lat' dir='ltr'> </span> 
     </span>
    </p>
   </div>
  </div>
 </body>
</html>
