3232 4942
673 479 860 546 -ettt..,

223 683 341 757 donclt,
365 682 416 747 cui
439 679 687 761 tnncprae'erat
707 679 848 743 loannes
876 677 1016 758 llaptista'
1042 677 1311 757 dagarasenam

147 861 149 866 λ
226 783 406 863 theologiae
421 780 606 846 licentiatus
621 779 673 858 (l).
988 797 991 804 ¹
1038 826 1043 838 .

266 881 442 962 tlollegium
459 877 724 943 Windeeemcnse
741 877 937 956 praelectum
956 893 1054 940 unum
1075 893 1131 941 eeu
1149 883 1312 957 regentem

227 981 371 1046 babebat.
390 979 532 1044 studiosi
556 978 693 1042 instituti
717 977 767 1040 sni
792 978 880 1058 leges
904 975 1086 1052 servabant,
1104 985 1135 1040 et
1150 977 1313 1056 exercitiis

227 1079 413 1146 domesticis
427 1079 664 1152 monebantur}
682 1076 813 1141 scholas
828 1077 956 1141 interim
974 1076 1154 1157 theologiae
1168 1077 1315 1157 publicas

227 1197 264 1245 ac
280 1177 503 1260 philosophiae
514 1178 707 1258 quandoque
720 1175 900 1247 visitabant
914 1184 1010 1255 atque
1026 1176 1217 1241 academicis
1232 1177 1314 1242 inte·

227 1287 334 1344 rorant
360 1274 644 1358 disputationibus.
672 1274 797 1339 Gradus
824 1291 882 1339 seu
915 1273 1027 1339 titulos
1057 1273 1315 1342 baccalaureiet

227 1377 389 1443 licentiati.
408 1393 480 1441 cum
497 1375 721 1455 superioribus
737 1373 916 1449 videbatur,
936 1373 1214 1453 adipiscebantur:
1243 1379 1247 1386 '
1269 1375 1278 1408 ⁶·
1297 1407 1300 1414 ·

216 1535 226 1616 ¹:
272 1611 275 1616 -
381 1573 449 1656 μ.
477 1573 656 1638 presidente
678 1573 719 1635 dn
741 1572 914 1653 colllqe'de
942 1521 1162 1638 Windeslelm.

274 1743 298 1808 Ι.
322 1742 464 1808 llttunnus
490 1741 645 1812 brunone,
670 1740 765 1821 uulgo
789 1717 988 1816 duontnssau,
1011 1740 1222 1827 Tun-grensis
1240 1703 1316 1816 reli·

232 1843 360 1925 glanem
383 1839 612 1906 canonicorum
636 1839 830 1920 regularium
855 1840 956 1905 sancti
979 1839 1160 1920 Augustini,
1182 1831 1318 1924 cortqrq-

231 1942 370 2024 gationis
386 1939 674 2012 Windesemensis,
688 1937 827 2018 Tungris
844 1938 1010 2018 professus
1026 1937 1077 2018 (lt,
1091 1939 1139 2004 vir
1152 1940 1224 2018 sive
1239 1931 1318 2030 doo-

233 2041 346 2104 trinam
363 2051 393 2104 et
411 2038 625 2118 prudentiam,
643 2037 711 2104 sive
734 2038 925 2105 modestiam
950 2047 980 2102 et
1004 2037 1153 2125 pietatem
1176 2045 1318 2130 spectes,

232 2139 382 2206 omnibus
409 2136 552 2203 numeris
582 2136 762 2209 absolutus,
791 2135 1005 2218 qutnedum
1037 2123 1318 2231 incausale-seu

232 2247 392 2307 conuentu
419 2235 720 2303 Coteendonckano,
737 2235 827 2318 juxta
853 2235 1077 2311 Turnltoltum,
1095 2253 1205 2322 verum
1232 2247 1263 2304 et
1289 2239 1320 2302 in

233 2347 301 2404 toto
326 2336 466 2417 capitulo
493 2352 531 2400 ac
558 2335 675 2416 ordine
700 2334 772 2415 ipso
800 2351 877 2414 prae
905 2333 1023 2426 ceteris
1047 2351 1178 2416 semper
1204 2336 1319 2414 cluxit;

235 2453 305 2502 nam
332 2436 386 2500 ille
413 2452 495 2500 unus
518 2434 558 2498 ab
582 2433 713 2498 biberto
739 2434 930 2514 Lupcltenio,
951 2433 1131 2516 patriarcba
1153 2448 1322 2512 emunctae

235 2536 321 2600 naris
337 2545 368 2598 ct
383 2534 468 2598 acris
480 2533 593 2614 iudicii
609 2534 691 2612 viro,
706 2533 1048 2616 ceterisquepatribus
1064 2533 1181 2619 dignus
1192 2535 1321 2617 habitus

235 2642 296 2708 eat,
313 2633 366 2713 qui
390 2633 551 2696 communi
569 2631 643 2696 ltuic
665 2632 886 2696 studiosorum
909 2632 1168 2712 corrgregationis
1191 2634 1321 2701 Winde-

236 2731 396 2796 semeusis
411 2730 647 2810 collegio‚ann0
665 2729 744 2794 tete
760 2739 882 2808 erecto,
895 2730 1016 2811 primus
1033 2731 1162 2796 daretur
1178 2750 1321 2816 praeses.

238 2829 307 2912 Quo
323 2815 361 2892 in'
373 2845 504 2894 munere
520 2829 645 2910 qualem
663 2845 699 2893 sc
713 2829 862 2908 gesserit,
880 2831 967 2894 novit
984 2830 1164 2895 academia.
1244 2841 1247 2852 ’

280 2931 371 2994 Antio
385 2945 462 2993 vero
475 2927 566 3000 lead,
581 2945 653 2992 cum
667 2927 773 2992 bellici
791 2929 973 3010 Belgiciqoe
987 2941 1094 2994 motos
1111 2947 1169 3010 per
1180 2930 1324 2997 inducias

236 3029 344 3110 sopiti,
366 3029 505 3092 instante
518 3025 582 3107 jam
610 3043 720 3092 eorum
744 3028 891 3101 termino,
910 3027 951 3092 ob
973 3029 1135 3110 ingentem
1162 3029 1323 3096 armornm

238 3129 396 3218 utrimque
429 3137 615 3210 apparatum
650 3128 863 3214 resuscitandi
895 3129 1091 3208 viderentur,
1120 3131 1323 3196 corsendon-

235 3215 474 3303 eenses,'talem
492 3237 677 3307 tantumque
693 3225 796 3290 virum
822 3228 883 3292 sibi
909 3229 1129 3293 necessarium
1151 3232 1223 3304 rati,
1239 3245 1324 3296 com·

237 3329 323 3392 muni
339 3326 493 3407 suffragio
510 3325 657 3390 eumdem
674 3325 782 3390 domui
803 3341 881 3390 suae
903 3327 1131 3407 gubernandae
1148 3331 1322 3410 praelatum

236 3427 267 3490 in
285 3427 424 3508 priorem
441 3425 676 3505 expetiverunt.
695 3423 750 3489 dni
769 3441 840 3508 cum
854 3425 906 3488 vix
923 3425 1062 3492 triennio
1078 3423 1202 3492 summa
1219 3439 1323 3495 tamon

237 3543 309 3590 cum
337 3526 431 3590 laude
453 3536 486 3589 et
505 3525 647 3588 omniurn
671 3525 773 3606 gratia
796 3525 1024 3606 praesedisset,
1043 3527 1190 3593 fortunae
1206 3529 1325 3594 invidia

237 3626 265 3690 ei
282 3625 468 3690 subtractus
485 3624 556 3700 luit;
582 3640 666 3699 nam,
683 3640 767 3687 anno
791 3624 883 3702 teau,
900 3626 1096 3705 generalium
1120 3627 1323 3693 comitiorum

237 3725 366 3806 capituli
399 3723 500 3789 nostri
532 3723 807 3788 Windesemensis
844 3723 973 3790 decreto
1010 3742 1068 3806 pro
1103 3729 1321 3808 recuperanda

273 3955 310 4026 (l)
324 3953 413 4026 Voyen
425 3961 442 4008 a
455 3971 486 4008 ee
498 3956 570 4026 sajet
588 3971 620 4008 oe
632 3971 686 4027 que
703 3969 772 4009 noos
785 3971 869 4011 avons
886 3957 926 4011 dil
941 3957 1085 4024 adrassus,
1100 3960 1169 4016 dans
1183 3961 1210 4014 ln
1230 3960 1322 4016 notice

217 4065 219 4070 ·
236 4063 284 4100 sur
298 4047 324 4100 lo
339 4046 445 4111 Gottepo
459 4051 493 4099 dc
508 4045 700 4102 Oroondonolt.
1294 4087 1302 4114 .,

217 4181 222 4188 .
273 4138 314 4208 (2)
334 4137 423 4210 l'opez
435 4139 580 4214 Lenonos,
597 4135 801 4200 Contendoncc.
818 4138 916 4210 ppei
935 4145 962 4194 ol
975 4139 1026 4206 35;
1048 4141 1108 4196 l'nu
1123 4142 1255 4211 Gonnott,
1271 4144 1324 4212 βε·

237 4228 735 4305 ιςλ;·ί1ιπ·ιη9υιινιΊὶινηὴοιιῃρῑὸῡΡ
1147 4295 1168 4310 Α,
1209 4255 1302 4315 ,,’,,;,ζ,

325 4355 353 4400 r.
1203 4339 1243 4404 38
