3158 4952
767 449 806 460 -
830 413 890 476 atr
917 448 954 457 --

316 594 362 659 bit
377 611 466 660 more
490 587 564 659 boni
581 595 733 674 regentis,
752 593 877 674 sibique
893 593 933 658 de
949 591 1140 658 utensilibus
1156 593 1193 655 ad
1212 591 1274 656 boc
1293 609 1405 658 ueces-

316 694 409 757 sariis
426 693 605 774 providebit
621 693 742 774 absque
758 709 857 757 onere
877 692 1049 756 facultatis.

357 793 518 868 Preterea,
536 792 619 873 quod
637 793 742 856 dictus
766 791 919 872 magister
934 789 1085 855 Nicotaus
1107 789 1287 854 octodecim
1303 805 1404 854 annos

315 891 500 964 «continuus,
518 907 535 953 a
552 891 603 955 die
620 907 678 954 sue
692 890 898 954 admissionis
916 888 1129 969 incipiendus,
1149 891 1244 953 modo
1260 888 1404 968 predicto

314 990 488 1071 regentium
506 989 717 1062 continuabit,
735 989 824 1053 salro
841 989 924 1069 quod
942 988 972 1051 in
991 1005 1076 1052 norro
1092 1004 1176 1051 anno
1194 987 1329 1051 liberum
1345 986 1404 1072 erit

314 1099 376 1152 tum
393 1089 533 1153 facultati
558 1106 651 1169 uuum
678 1089 830 1169 magistro
855 1087 987 1152 Nicolao
1004 1087 1180 1151 contractui
1205 1086 1401 1160 renuntiare,

314 1187 508 1266 predicando
525 1198 628 1252 tamen
646 1187 707 1252 boc
722 1187 827 1266 insum
846 1203 909 1250 uno
922 1203 1006 1250 annu
1018 1196 1091 1249 ante
1107 1185 1202 1250 fiuent
1222 1185 1296 1248 troni
1314 1184 1398 1248 atini.

353 1285 392 1349 Et
407 1287 491 1366 quod
516 1287 556 1351 de
573 1286 714 1366 quolibet
737 1287 895 1350 dictorum
912 1285 1092 1350 octodecim
1117 1301 1275 1348 annorum
1300 1284 1402 1349 solvet

313 1385 452 1448 facultati
471 1402 529 1464 nro
546 1404 604 1448 usu
622 1398 653 1448 et
669 1385 793 1461 locagio
809 1385 924 1447 doinus
942 1383 1158 1464 pedagoginlis
1174 1401 1246 1446 cum
1263 1384 1336 1464 aliis
1352 1383 1402 1448 do-

315 1484 418 1547 mibus
441 1485 478 1546 ad
505 1485 633 1548 domum
661 1485 898 1565 [reilagogialem
921 1483 1155 1562 pertinentibus
1178 1483 1336 1546 ducentos
1353 1501 1400 1548 re·

315 1599 431 1646 nenses
462 1583 577 1646 Caroli.
611 1584 653 1646 [le
683 1592 711 1646 ct
743 1601 781 1645 ex
810 1582 927 1663 quibus
960 1583 1108 1645 ducentis
1142 1581 1260 1645 carolis
1297 1581 1400 1646 dictus

313 1682 628 1763 magisterNieolaus
650 1685 752 1745 solvet
775 1699 872 1745 onera
902 1683 941 1744 de
965 1681 1059 1744 dictis
1082 1681 1230 1744 domibus
1253 1681 1398 1745 exeuntia

313 1780 510 1862 temporibus
527 1781 661 1850 debitis;
680 1783 721 1842 ita
738 1780 821 1860 quod
841 1781 972 1843 facultas
990 1790 1120 1859 promer
1136 1780 1294 1842 defectum
1312 1779 1399 1844 solu·

312 1879 408 1942 tionis
433 1879 614 1959 hujusmodi
631 1895 763 1943 onerum
790 1897 851 1942 non
875 1881 1010 1958 partiatur
1035 1879 1132 1942 ullnrn
1149 1880 1323 1959 damonum
1347 1887 1400 1942 aut

310 1995 478 2058 «expensas.
499 1979 672 2042 Residuum
697 1995 772 2042 vero
795 1980 952 2041 dictorum
977 1979 1188 2042 ducentorum
1215 1977 1396 2042 renensium

311 2076 453 2154 ‹ruolibet
476 2093 560 2139 auno
584 2077 761 2140 numerabit
786 2077 938 2150 facultati,
959 2077 1059 2148 saluo,
1078 2077 1162 2155 cuod
1189 2077 1292 2154 urimo
1316 2093 1400 2141 antro

311 2191 368 2238 sue
385 2175 527 2254 regentia
551 2177 769 2239 tantummodo
786 2177 889 2239 solret
915 2177 1055 2255 predicta
1072 2192 1169 2239 onera
1193 2177 1232 2238 de
1249 2175 1399 2239 domibus

312 2275 471 2346 exeuntia,
489 2276 526 2336 ad
544 2276 797 2338 succurrendum
815 2275 905 2338 initio
922 2275 1063 2355 regentia
1079 2293 1147 2338 sue.

353 2372 528 2446 Postremo,
547 2376 630 2454 quod
650 2375 802 2452 magister
818 2375 969 2438 Nicolaus
993 2375 1145 2453 suscipiet
1165 2375 1323 2454 predictus
1342 2374 1396 2438 do-

309 2487 378 2534 mos
394 2489 466 2534 curn
480 2471 548 2534 suis
566 2473 767 2550 pertinentiis
783 2474 887 2553 arretio
900 2473 1064 2537 dictorum
1076 2489 1233 2536 armorum
1251 2473 1311 2536 sub
1324 2489 1395 2536 con·

307 2570 495 2642 ditionibus,
510 2572 628 2651 quibus
644 2573 859 2635 conductores
875 2572 914 2635 ab
927 2571 1145 2636 elocutoribus
1162 2573 1267 2636 solent
1283 2574 1398 2636 domos

308 2670 469 2733 conductu
486 2671 642 2750 recipere.

348 2767 385 2832 Et
407 2771 510 2848 quoad
539 2771 693 2848 premissa
717 2771 823 2834 omnia
852 2781 883 2834 et
907 2772 1032 2851 singula
1061 2772 1263 2852 adimplenda
1291 2781 1398 2852 portes

307 2864 457 2931 liincindc
473 2883 548 2933 sese
565 2877 673 2933 mutuo
689 2869 887 2950 obligabunt.
906 2873 994 2946 acra,
1009 2869 1073 2943 Vll,
1092 2871 1146 2935 ful.
1165 2870 1225 2933 959
1241 2879 1280 2934 r⁰.

349 3049 403 3111 llic
417 3053 572 3126 mercurii,
589 3069 610 3114 c
625 3053 739 3115 mensis
754 3053 925 3115 novembris
943 3051 1033 3126 fsto,
1051 3053 1129 3116 bora
1150 3052 1252 3117 media
1271 3051 1395 3116 decime

305 3157 378 3210 anta
401 3149 579 3223 meridiem,
597 3149 782 3214 conuocatis
807 3167 864 3230 per
886 3167 947 3227 me,
966 3159 1216 3230 comparuerunt
1241 3150 1273 3212 iu
1296 3150 1393 3214 rubea

305 3261 430 3310 camera
454 3246 575 3310 domini
600 3247 741 3328 deputati
766 3249 919 3312 ordinarii
944 3267 1015 3313 cum
1033 3249 1265 3313 commissoriis
1287 3248 1319 3310 in
1340 3265 1392 3313 ne·
1440 3327 1445 3338 ¹
1540 3301 1541 3340 3

304 3345 391 3422 gotio
414 3345 581 3426 pedagogii
607 3345 774 3422 Faleorris;
798 3363 904 3411 coram
933 3348 1049 3428 quibus
1075 3348 1225 3412 dominus
1251 3348 1393 3412 decanus

306 3445 472 3524 {troposuit
488 3445 638 3520 dominis,
658 3462 741 3511 amre
756 3447 876 3511 domini
894 3447 993 3511 velint
1009 3447 1163 3526 deputare
1182 3447 1320 3527 aliquem
1335 3463 1391 3512 seu

303 3541 442 3622 aliquos,
459 3544 512 3624 qui
531 3544 658 3611 nominc
675 3544 833 3608 facultatis
858 3545 1046 3609 sollicitaret
1061 3561 1117 3609 scu
1135 3545 1345 3610 sollicitarent
1359 3543 1390 3607 in

303 3641 391 3704 curia
409 3642 635 3722 principissae
653 3644 856 3719 cancellaria,
875 3643 926 3707 ubi
942 3645 1002 3709 erit
1018 3643 1268 3719 sollicitandum,
1285 3643 1390 3708 incor-

304 3741 501 3819 nomtionem
528 3759 584 3805 seu
602 3743 877 3807 amortisationem
902 3743 1018 3806 domus
1041 3742 1259 3823 pedagogialis
1282 3742 1388 3806 ratco-

305 3838 424 3902 nensis.
444 3840 520 3904 Post
536 3857 612 3904 vero
629 3841 766 3922 aliquam
790 3841 1021 3905 conferentiam
1038 3841 1253 3916 dominorum,
1271 3839 1388 3905 domini

302 3937 495 4016 deputarunt
507 3939 545 4002 ad
560 3940 621 4003 boc
634 3940 871 4004 sollicitandum
888 3941 1017 4004 nomine
1031 3940 1387 4021 facultatismagistrum

303 4032 516 4100 'fbeodricum
535 4037 692 4113 foimons,
712 4048 744 4102 ut
760 4038 830 4119 ipse
852 4054 888 4103 se
904 4039 986 4103 bene
1012 4039 1173 4115 informet,
1193 4038 1244 4102 ubi
1261 4048 1292 4104 et
1312 4055 1387 4119 quo·

306 4133 400 4196 modo
415 4135 476 4198 erit
498 4135 754 4210 sollicitandum,
779 4149 820 4209 ct,
838 4136 943 4200 babila
967 4137 1050 4202 bona
1075 4138 1311 4214 informatione,
1328 4137 1384 4200 bu·

300 4231 441 4311 jusmodi
466 4235 628 4316 negotium
651 4236 689 4298 ad
715 4236 868 4300 bonorem
892 4246 923 4300 et
943 4237 1108 4302 utilitatem
1137 4235 1296 4302 facultatis
1318 4235 1387 4300 dili·
