3284 4956
884 406 1046 468 -96-

423 586 573 652 dominus
598 593 705 652 rector
727 586 973 652 universitatem
996 587 1198 652 committere
1220 584 1350 650 domiuo
1375 585 1518 658 rectori,

424 693 457 750 ut
481 703 520 750 ex
549 685 686 767 singulis
713 685 914 750 facultatibus
939 702 1036 750 unum
1060 686 1204 750 nominet
1227 701 1264 748 ac
1279 685 1424 764 deputet,
1443 683 1517 766 qui,

420 784 556 866 cognitis
583 784 676 848 dictis
700 783 940 858 controversiis,
971 792 1114 848 statuant
1140 791 1171 847 et
1198 782 1348 847 ordinent
1375 799 1428 857 ea,
1456 799 1518 862 per
1627 847 1628 870 χ

421 899 501 963 quae
517 883 620 972 dictae
635 882 874 948 coutroversiae
894 891 1139 961 componantur,
1157 889 1188 946 et
1214 897 1273 960 pax
1296 889 1327 944 et
1351 880 1518 962 tranquil·
1627 927 1628 930 ,

421 982 493 1047 litas
522 983 626 1045 dictae
651 982 778 1055 domus,
806 982 946 1062 dictique
972 981 1156 1062 paedagogii
1187 980 1347 1061 simulque
1376 980 1516 1060 publica
1627 991 1628 1030 ³

421 1089 641 1152 conservetur,
650 1077 761 1144 eadem
778 1081 829 1145 die
843 1080 1018 1145 nominavit
1030 1081 1068 1144 ad
1083 1080 1144 1144 boc
1159 1087 1190 1144 et
1202 1079 1514 1164 deputavitlmagoi-
1627 1101 1628 1140 t

422 1180 502 1246 ficus
517 1181 666 1244 domiuus
689 1190 795 1245 rector
809 1197 848 1244 ex
869 1179 1016 1244 facultate
1030 1195 1143 1244 sacrae
1159 1178 1338 1258 theologiae
1352 1179 1514 1244 eximium

421 1279 585 1344 domiuum
603 1279 787 1360 magistrum
805 1287 948 1344 nostrum
961 1278 1112 1342 laconum
1127 1277 1330 1350 lausooium,
1347 1294 1389 1342 ex
1405 1277 1515 1342 facul·
1627 1309 1628 1316 κ

421 1387 483 1442 tate
502 1378 584 1459 juris
606 1378 751 1442 canonici
774 1377 986 1442 clarissimum
1009 1377 1174 1457 domiuum
1191 1376 1355 1440 doctorem
1369 1375 1514 1456 Stepha-

422 1477 644 1561 numWeyms,
660 1495 698 1542 ex
711 1478 858 1541 facultate
872 1477 1047 1540 medicinae
1067 1475 1323 1556 expertissimum
1337 1475 1513 1539 dominum

420 1578 570 1640 Thomam
588 1577 731 1649 ficuum,
749 1595 788 1642 ex
811 1577 961 1640 facultate
976 1577 1090 1640 artium
1108 1574 1384 1638 consultissimum
1403 1575 1514 1638 domi·
1627 1615 1628 1662 3

422 1693 495 1740 num
511 1677 704 1740 licentiatum
722 1675 900 1740 conradum
917 1673 1065 1747 Silvium;
1084 1689 1123 1736 ex
1140 1673 1288 1736 facultate
1300 1671 1383 1751 juris
1399 1672 1513 1737 civilis

421 1776 490 1855 ipse
525 1776 674 1840 dominns
710 1783 826 1848 rector,
850 1789 907 1852 pro
941 1783 1084 1853 tempore
1121 1771 1320 1835 clarissimus
1351 1771 1513 1836 domiuus

421 1875 580 1938 Gerardus
596 1873 771 1946 consotios,
785 1890 867 1937 onus
884 1873 945 1936 hoc
962 1872 1146 1951 assumpsit.
1164 1871 1222 1944 Qui
1236 1870 1364 1949 quidem
1380 1871 1510 1934 domiui

420 1974 573 2052 assumpti
590 1989 628 2036 ac
643 1971 796 2051 deputati,
812 1980 977 2052 postquam
995 1969 1234 2034 controversias
1250 1985 1362 2032 omnes
1379 1970 1511 2050 scripto

422 2071 481 2134 sibi
495 2071 609 2152 exponi
627 2081 758 2152 utraque
770 2089 807 2134 ex
822 2081 909 2150 parte
922 2071 1085 2146 fecissent,
1096 2071 1198 2150 deque
1211 2069 1257 2132 cis
1270 2069 1510 2148 cognovissent

423 2178 544 2233 matura
560 2171 788 2235 deliberatione
812 2170 928 2244 hahita,
945 2187 1002 2250 pro
1020 2171 1116 2240 bono,
1135 2185 1224 2248 pace,
1243 2167 1348 2249 quiete
1365 2179 1398 2232 et
1415 2179 1509 2232 tran-

381 2309 389 2326 .
421 2269 575 2349 quillitate
591 2277 652 2331 tarn
669 2269 770 2332 dictae
788 2269 903 2332 domus
916 2285 1008 2348 uuam
1022 2267 1096 2332 dicti
1110 2265 1308 2347 paedagogii,
1319 2275 1510 2331 statuerunt

421 2376 515 2447 atque
530 2367 756 2431 ordinaverunt
770 2367 921 2431 articulos
938 2375 1109 2447 sequentes
1126 2389 1134 2428 ι

462 2564 576 2626 Primo.
606 2559 644 2624 Ut
669 2569 734 2624 rata
761 2570 791 2626 et
817 2561 990 2626 indubitata
1017 2573 1141 2627 maneat
1163 2562 1348 2627 commissio
1373 2565 1508 2646 collegii

421 2660 534 2724 lloutis
560 2660 650 2724 hcuti
678 2661 883 2734 parisiensis,
908 2679 969 2742 qua
996 2679 1052 2742 per
1078 2663 1252 2726 hdriauum
1279 2663 1434 2728 Florentii
1465 2663 1508 2727 de

419 2759 563 2838 Trajecto
576 2760 725 2824 constitui
739 2759 812 2823 fecit
822 2759 1003 2839 provisores
1012 2759 1346 2825 domusStandouicac
1358 2761 1506 2841 priorem

420 2859 604 2922 Cartbnsiae
621 2859 828 2922 Lovanieusis
852 2868 883 2922 et
907 2858 1075 2937 plebanum
1098 2861 1161 2922 divi
1187 2859 1271 2923 Petri
1288 2859 1508 2925 lovaniensis

420 2975 477 3039 pro
494 2966 654 3036 tempore;
679 2958 795 3020 virtute
818 2957 910 3036 euius
932 2958 1171 3022 commissionis
1186 2958 1321 3021 habeant
1337 2959 1407 3022 sive
1424 2959 1506 3023 reti·

420 3065 514 3122 neunt
543 3055 617 3118 dicti
644 3055 828 3135 provisores
852 3063 1040 3136 potestatem
1064 3057 1278 3120 constituendi
1302 3073 1365 3119 uon
1394 3057 1508 3121 solum

419 3157 534 3220 domus
560 3155 771 3220 Staudonicae
793 3161 962 3226 rectorem,
983 3172 1091 3219 verum
1116 3155 1208 3219 etiarn
1227 3155 1330 3234 leges,
1344 3155 1509 3220 reforma-

419 3253 535 3328 tiones,
553 3261 680 3327 statuta,
699 3261 792 3330 atque
817 3252 896 3315 adeo
920 3269 1033 3316 novam
1057 3254 1188 3334 regendi
1212 3253 1393 3327 formulam,
1410 3267 1511 3336 prout

419 3350 498 3432 ipsis
515 3367 572 3431 pro
590 3360 731 3429 tempore
748 3347 907 3413 videbitur
922 3351 1083 3429 expedire.

459 3547 607 3612 Secundo.
622 3547 661 3611 Ut
675 3546 853 3626 proprietas
868 3545 1051 3627 paedagogii
1068 3546 1249 3610 Staudonck
1263 3558 1386 3613 maneat
1401 3567 1507 3629 penes

418 3647 549 3711 domurn
579 3644 801 3709 Staudonicam
833 3643 945 3709 eodern
972 3645 1058 3724 jnre,
1084 3663 1147 3725 quo
1173 3646 1211 3708 ab
1240 3645 1330 3710 initio
1359 3647 1399 3710 ad
1430 3665 1505 3713 eant

419 3745 596 3828 spectavit;
614 3744 748 3824 ejusque
773 3743 896 3808 ratione
920 3744 1148 3825 paedagogium
1172 3753 1290 3818 servet,
1308 3749 1504 3824 praesertim

418 3845 451 3908 iu
477 3842 580 3907 literis
607 3841 753 3922 publicis,
772 3857 887 3905 nomeu
916 3843 1099 3923 paedagogii
1122 3843 1314 3917 Staudouclr,
1339 3853 1372 3908 et
1394 3847 1506 3910 omnis

420 3941 605 4026 paedagogii
619 3958 717 4020 super
729 3942 944 4006 excrescentia
956 3942 993 4005 ad
1004 3942 1132 4006 domum
1141 3943 1366 4008 Staudonicam
1376 3943 1503 4012 redeat.

462 4139 576 4202 Tertio.
594 4137 635 4203 Ut
650 4137 765 4205 divisio
787 4139 976 4206 familiarum
995 4149 1026 4206 et
1041 4139 1270 4208 habitationum
1286 4149 1382 4222 atque
1398 4143 1505 4209 admi-
