3130 4956
737 467 921 532 —202-

297 663 348 724 ne,
366 647 393 710 si
419 647 500 712 forte
525 645 628 727 ipsius
652 647 778 729 collegii
801 647 993 714 desultorum
1014 649 1144 714 nornine
1165 649 1194 712 id
1216 659 1373 731 peterent,

299 745 376 810 nihil
392 745 581 810 obtinerent.
605 747 643 811 Et
664 745 736 812 ideo
751 749 844 830 longa
860 749 891 812 in
912 764 969 812 sua
985 749 1217 829 supplicatione
1233 751 1283 815 usi
1299 761 1375 815 sunt

175 893 176 896 ,
297 845 538 927 protestatione,
567 855 783 925 protestantes
809 863 867 926 per
891 847 953 911 hoc
978 863 1014 911 se
1041 863 1104 912 non
1126 865 1255 928 cupere,
1281 859 1316 913 ut
1340 849 1374 912 in

299 961 425 1008 manum
451 952 606 1008 mortuam
630 944 806 1023 predictum
829 945 1039 1026 pedagogium
1062 947 1251 1022 traderetur,
1269 965 1374 1028 neque

298 1042 391 1106 etiarn
407 1059 463 1122 per
475 1043 536 1108 hoc
553 1043 617 1108 ullo
629 1052 721 1124 pacto
734 1059 770 1107 se
784 1043 948 1108 intendere
963 1043 1118 1124 derogare
1133 1061 1261 1125 quoquo
1278 1046 1373 1110 modo

295 1139 420 1222 iuribus
435 1149 465 1206 et
477 1141 652 1224 privilegiis
667 1141 825 1207 facultatis
842 1143 968 1214 artium,
979 1135 1035 1206 sed
1050 1158 1176 1222 semper
1189 1144 1257 1208 fore
1273 1159 1373 1224 penes

297 1239 477 1304 facultatem
493 1239 607 1304 artium
624 1248 822 1319 potestatem,
840 1255 1041 1322 quocumque
1065 1239 1161 1305 uellet
1180 1251 1324 1323 ternpore
1340 1250 1373 1307 et

298 1355 358 1420 qua
373 1339 467 1404 vellet
483 1337 616 1412 ratione,
634 1355 690 1402 eos
708 1337 912 1414 destituendi,
930 1337 958 1402 si
973 1355 1026 1402 res
1042 1339 1166 1403 felicem
1183 1357 1371 1405 successum

299 1453 361 1502 nou
390 1437 535 1502 habitura
562 1437 734 1522 videretur.
766 1438 813 1501 hd
842 1437 903 1502 hoc
929 1445 1035 1502 autem
1063 1438 1308 1518 impetrandum,
1338 1447 1373 1504 ut

299 1537 458 1618 putabant,
472 1527 611 1613 facilius,
630 1536 828 1617 frequentius
843 1535 1068 1617 magistrorum
1085 1545 1267 1600 nostrorum
1284 1538 1323 1601 ad
1339 1537 1371 1602 id

293 1635 447 1719 judicium
463 1635 652 1716 allegabant,
666 1634 718 1715 qui
736 1633 766 1698 id
786 1649 990 1716 summopere
1005 1634 1166 1714 expedire,
1186 1644 1218 1698 ut
1233 1636 1368 1711 aiebant,

292 1735 487 1816 iudicarunt.
509 1734 599 1807 Quod
621 1733 748 1814 quidem
769 1732 815 1796 eis
841 1747 880 1796 eo
907 1731 1012 1795 minus
1035 1733 1164 1812 proluit,
1181 1733 1254 1813 quia
1274 1733 1372 1814 juris-

296 1834 469 1914 peritorum
499 1831 645 1912 prudeuti
675 1831 810 1896 aurisilio
839 1829 916 1894 nibil
945 1830 978 1892 in
1000 1831 1059 1895 hac
1083 1848 1117 1895 re
1147 1832 1372 1912 magistrorum

295 1942 477 1996 nostrorum
491 1929 611 2013 judicio
624 1933 743 2009 (utpote
755 1931 807 2012 qui
823 1929 862 1994 de
878 1931 991 1993 artium
1007 1929 1155 1994 laenitate
1173 1947 1235 1994 non
1248 1935 1368 2009 essent)

295 2029 502 2094 deferendum
525 2029 703 2104 videbatur,
727 2045 767 2093 ne
789 2028 920 2092 alterius
943 2027 1101 2092 tacottatis
1124 2027 1288 2108 supposita
1311 2045 1371 2093 sua

294 2129 485 2194 authoritate
507 2127 664 2192 facultatis
680 2127 793 2191 artium
808 2127 947 2192 libertati
965 2127 1173 2208 prejudicium
1189 2127 1369 2205 adferrent;

295 2226 628 2307 simulquevidebatur
640 2224 670 2290 id
688 2225 793 2289 minus
807 2225 1062 2298 concedendum,
1079 2242 1117 2289 eo
1133 2225 1217 2306 quod
1232 2226 1372 2290 heredes

295 2325 510 2391 CaroliViruli
531 2324 592 2407 (qui
615 2341 749 2389 numero
774 2341 830 2388 sex
853 2325 937 2388 dicte
959 2323 1182 2405 supplicationi
1205 2325 1370 2405 subscrip·

295 2428 411 2502 serant)
436 2425 467 2488 id
495 2434 657 2504 peterent3
686 2440 758 2487 narn
785 2439 840 2503 per
865 2424 927 2487 hoc
953 2423 1015 2487 sibi
1040 2423 1079 2486 ad
1103 2423 1179 2488 dicti
1202 2423 1370 2506 pedagogii

294 2523 537 2604 dispositionem
552 2523 670 2604 aliquid
687 2522 803 2587 ceteris
818 2521 956 2602 amplius
971 2523 1052 2586 sorte
1067 2521 1100 2584 in
1117 2530 1281 2601 posterum
1296 2539 1369 2602 pre·

294 2623 425 2688 tendere
453 2623 641 2695 voluissent,
673 2622 747 2686 licet
772 2621 930 2685 contraria
960 2621 992 2682 in
1021 2620 1254 2700 supplicatione
1283 2631 1370 2686 esset

294 2721 492 2804 protestatio.
516 2721 550 2782 ln
573 2719 683 2784 eadem
703 2719 935 2801 supplicatione
950 2717 1141 2782 lesuitarum
1158 2717 1368 2799 diligentiam,

294 2837 356 2901 que
371 2819 500 2884 Colonia
516 2828 546 2884 et
560 2817 680 2883 vienne
695 2817 810 2881 dicitur
825 2817 963 2891 elucere,
981 2817 1283 2890 commemorabant,
1302 2833 1369 2881 nta-

290 2917 360 2999 Jora
376 2918 427 2982 hic
442 2935 499 2982 eos
521 2917 625 2980 adbuc
642 2917 812 2996 prestitura
830 2915 1035 2980 affirmantes.
1055 2914 1144 2979 liano
1159 2915 1369 2996 supplicatio·

294 3033 364 3082 nem
380 3017 441 3082 alta
464 3025 495 3081 et
512 3015 702 3096 intelligibili
721 3029 800 3078 voce
821 3015 962 3078 decanus
980 3014 1011 3076 in
1036 3014 1195 3094 superiori
1217 3013 1369 3078 cathedra

292 3116 432 3180 existens
455 3113 587 3196 protegit
602 3113 659 3177 toti
676 3113 827 3176 facultati.
845 3111 911 3184 Qua
926 3113 1020 3186 lecta,
1038 3111 1200 3192 predictus
1213 3100 1368 3177 ¹dominus

291 3215 431 3279 decanus
448 3214 485 3292 (l)
500 3229 556 3294 pro
572 3213 682 3278 eadem
698 3211 839 3292 regentia
851 3211 1088 3292 supplicaturus
1100 3210 1284 3284 descendlt;
1304 3227 1367 3292 quo

292 3313 522 3386 descendente,
554 3311 737 3376 cathedram
767 3310 876 3375 senior
906 3309 1044 3374 nationis
1073 3309 1188 3380 Gallie,
1220 3309 1370 3374 uidelicet

293 3411 444 3490 magister
458 3409 596 3474 loannes
612 3408 750 3472 Planson
766 3424 783 3471 a
801 3407 918 3482 Duaco,
937 3407 1090 3481 ascendit,
1108 3407 1275 3471 auditurus
1290 3407 1368 3472 dicti

293 3508 404 3573 decani
427 3507 702 3589 supplicationem,
720 3515 790 3570 rota
811 3507 976 3570 auditurus
998 3515 1030 3570 ct
1051 3506 1125 3570 inde
1141 3505 1366 3570 conclusurus.

294 3608 486 3688 supplicavit
501 3615 605 3670 autern
622 3605 726 3670 dictus
741 3605 889 3668 dominus
905 3605 1045 3669 decanus
1061 3604 1182 3668 admitti
1198 3604 1236 3667 ad
1253 3620 1368 3684 regen-

294 3707 368 3769 tiam
390 3715 420 3770 et
441 3705 608 3786 logentium
630 3705 699 3768 hilii
721 3719 810 3768 more
833 3703 939 3778 solito,
956 3703 1134 3779 declarans,
1150 3703 1224 3768 licet
1239 3703 1272 3764 in
1287 3702 1368 3766 Lilio

294 3813 459 3883 promotus
483 3820 545 3867 nou
572 3812 669 3874 esset,
690 3801 964 3883 prestantissimos
987 3811 1090 3866 tamen
1113 3799 1247 3881 predicti
1269 3801 1366 3881 peda-

293 3903 376 3984 gogii
393 3904 479 3967 uiros
495 3919 551 3967 sua
567 3903 757 3967 authoritate
772 3917 844 3964 eum
859 3901 898 3964 ad
914 3900 976 3965 boc
991 3900 1171 3965 iaciendum
1187 3899 1365 3981 impellere.

331 4099 370 4166 (ll
392 4097 545 4155 Franciucus
559 4097 719 4156 Fauillonius
738 4098 770 4155 de
783 4097 867 4154 Ochia
886 4103 942 4154 eral
963 4089 1140 4171 hoc'lempote
1153 4097 1268 4154 decanus
1284 4095 1367 4152 facul·

294 4187 358 4244 fatis
371 4191 476 4246 artium.
