3158 4952
766 501 808 512 -
829 463 889 528 sot
910 499 952 510 ·-

314 680 399 729 esse
421 663 546 741 iactam,
560 679 654 745 quam
680 662 808 728 valeant
829 661 1060 744 quinquaginta
1086 661 1213 728 doreni.
1234 661 1273 726 Et
1288 661 1338 726 sic
1354 677 1411 743 per

323 762 430 828 omnia
445 761 606 828 conclusit
620 761 770 826 domiuus
785 761 938 826 decanus.
956 761 1048 836 beru,
1065 759 1144 829 vill.
1162 761 1217 825 iol.
1236 760 1296 824 ato
1312 770 1353 824 το.

365 944 424 1007 llic
438 943 694 1022 mercuriixciiij
710 944 823 1006 mensis
843 941 971 1006 octobris
987 941 1080 1016 1565,
1097 941 1216 1006 indicta
1234 941 1293 1006 luit
1311 941 1408 1022 depu-

322 1043 411 1120 tatio,
441 1043 565 1108 vocatis
594 1041 826 1107 commissariis
858 1041 1024 1123 pedagogii
1054 1041 1217 1116 Falconis,
1248 1041 1280 1104 in
1311 1041 1407 1106 rubea

322 1159 449 1209 camera
464 1143 581 1207 domus
597 1141 767 1216 facultatis,
785 1141 823 1205 ad
841 1141 952 1206 boram
969 1149 1114 1206 octavam
1132 1151 1206 1206 ante
1222 1141 1406 1216 meridiem;

322 1257 430 1307 coram
447 1241 563 1323 quibus
587 1243 766 1320 comparuit
781 1240 932 1305 dominus
954 1249 986 1306 et
1002 1240 1154 1322 magister
1176 1240 1290 1305 Petrus
1306 1239 1407 1304 llore-

323 1341 397 1416 lius,
420 1340 484 1422 jam
511 1340 682 1404 defunctus
705 1340 743 1417 ti)
769 1355 886 1421 regens
909 1339 1075 1420 pedagogii
1098 1339 1259 1414 Falconis,
1277 1347 1312 1403 ut
1333 1355 1407 1403 con·

321 1438 425 1505 clusio
441 1439 493 1502 die
509 1436 694 1517 precedenti
710 1446 802 1517 capta
826 1445 1003 1502 mutaretur
1018 1445 1172 1520 quantum
1195 1438 1233 1502 ad
1251 1437 1408 1518 quinqua-

321 1538 408 1622 ginta
424 1536 608 1602 renensium
623 1537 758 1618 gratiam
775 1545 851 1600 tunc
875 1547 1038 1618 negatam;
1055 1536 1170 1601 obtulit
1186 1536 1271 1602 enim
1296 1536 1404 1610 multa,

321 1653 383 1719 que
404 1635 443 1700 ad
468 1635 621 1700 interiora
643 1634 865 1699 cubiculorum
888 1651 906 1698 a
928 1634 1059 1699 domino
1085 1634 1270 1699 braxinensi
1293 1649 1408 1715 perse

321 1741 501 1817 emptorum
518 1741 613 1814 atque
629 1731 724 1797 etiam
747 1732 889 1797 omnium
906 1732 1043 1798 aliorum
1065 1733 1288 1798 cubiculorum
1311 1731 1407 1814 perti·

323 1842 410 1912 nent,
435 1831 535 1898 libere
561 1831 743 1912 relinquere
770 1831 1044 1913 inebriataeque
1071 1849 1210 1914 unquam
1236 1833 1406 1914 quicquam

323 1932 393 2014 ejus
416 1930 590 1996 occasione
613 1930 752 2011 exigere.
777 1928 899 1994 Obtulit
921 1930 1038 1996 deinde
1054 1931 1231 2012 anticipare
1253 1930 1411 1996 terminos

322 2030 496 2097 solutionis
511 2028 581 2094 lueri
597 2029 795 2109 designatos,
813 2029 855 2094 ita
872 2029 996 2095 scilicet
1009 2040 1042 2095 ut
1058 2031 1193 2110 primam
1207 2029 1408 2095 medietatem

323 2128 444 2194 residui
470 2129 612 2192 solueret
635 2127 666 2190 in
685 2128 766 2192 iestu
782 2127 845 2190 divi
867 2127 1022 2193 lobannis
1046 2129 1189 2208 proxime
1211 2138 1358 2202 venturo,
1376 2137 1406 2192 et

321 2229 454 2294 alteram
471 2227 673 2291 medietatem
690 2227 722 2288 in
740 2226 821 2290 testo
835 2226 1008 2291 natiuitatis
1024 2225 1141 2291 Christi
1153 2243 1238 2291 auno
1254 2225 1316 2307 lavi
1334 2226 1407 2291 stilo

323 2325 512 2402 Brabantie;
527 2335 558 2391 et
573 2325 647 2400 hoc,
661 2325 689 2389 si
705 2325 826 2390 domini
842 2325 1014 2406 dignentur
1025 2325 1158 2407 gratiam
1175 2326 1245 2391 heri
1262 2336 1407 2408 negatam

321 2425 551 2509 quinquaginta
573 2423 757 2489 renensium
781 2441 867 2488 nunc
889 2425 1078 2490 concedere.
1105 2424 1230 2490 Domini
1253 2424 1407 2504 deputati,

323 2543 385 2591 non
416 2525 572 2599 videntes,
606 2524 768 2604 quomodo
799 2524 913 2588 merito
944 2525 1128 2588 hesternam
1164 2523 1405 2589 conclusionem

321 2624 477 2690 deberent
492 2631 681 2698 retractare,
699 2630 805 2686 tamen
821 2623 894 2703 quia
910 2622 1061 2687 dominus
1078 2622 1231 2688 blorelius
1247 2622 1363 2686 obtulit
1377 2632 1406 2686 et

322 2733 438 2804 sponte
462 2721 620 2802 promisit,
638 2737 711 2786 cum
733 2721 803 2801 ipse
818 2721 855 2784 ad
874 2721 1075 2802 pinguiorem
1096 2721 1255 2786 iortunam
1271 2720 1404 2793 venerit,

322 2825 404 2887 banc
429 2821 562 2903 gratiam
590 2820 731 2885 facultati
758 2835 981 2901 compensare,
1011 2821 1050 2884 ad
1077 2819 1309 2885 sublevandum
1335 2836 1405 2884 eum

323 2939 406 2986 nuuc
421 2928 655 2985 concesserunt
671 2919 699 2984 ei
716 2919 799 2984 baruc
811 2919 1035 2984 remissionem
1049 2919 1279 3000 quinquaginta
1293 2935 1407 2984 reneu-

320 3021 404 3086 sium
417 3019 478 3084 sub
491 3018 720 3100 suprascriptis
732 3017 949 3084 oblationibus
962 3027 994 3084 et
1006 3018 1239 3100 promissione:
1253 3033 1293 3082 eo
1305 3017 1407 3090 saluor

321 3129 365 3196 ut,
383 3119 410 3184 si
432 3119 464 3180 in
480 3117 635 3184 alterutro
657 3117 816 3182 dictorum
835 3134 990 3184 uovorum
1015 3117 1224 3182 terminorum
1241 3115 1403 3183 deiecerit.

319 3220 379 3284 beo
400 3217 500 3299 gratia
525 3215 610 3281 nulla
627 3215 731 3280 lutura
754 3216 806 3291 sit,
825 3215 943 3281 ceteris
966 3215 1128 3288 omnibus,
1145 3232 1208 3296 que
1231 3215 1263 3278 iu
1278 3215 1408 3280 conclu-¹

319 3317 411 3382 sione
431 3317 583 3382 hesterna
607 3315 768 3395 descripta
791 3324 878 3390 sunt,
897 3317 927 3376 iu
952 3331 1012 3380 suo
1036 3315 1152 3380 robure
1175 3314 1407 3394 permansuris

319 3417 357 3480 Et
372 3415 421 3481 sie
436 3430 493 3494 per
508 3413 616 3479 omnia
631 3413 792 3504 conclusit
807 3413 958 3478 domiuus
974 3413 1128 3478 decanus.

365 3513 485 3578 Deinde
512 3512 676 3593 predictus
699 3513 850 3594 magister
875 3512 990 3577 Petrus
1015 3513 1166 3578 llorelius
1191 3511 1222 3575 in
1246 3511 1404 3593 presentia

320 3613 479 3678 dictorum
496 3611 712 3686 dominorum,
730 3612 761 3674 in
780 3611 921 3692 predicta
938 3611 1035 3677 rubea
1058 3628 1184 3677 camera
1199 3611 1403 3686 constitutus,

320 3711 460 3793 prestitit
489 3710 670 3775 cautionem
700 3710 889 3791 juratoriam
919 3720 960 3786 et,
993 3727 1088 3775 mauu
1122 3711 1243 3791 pectori
1267 3711 1402 3782 admota,

320 3825 408 3874 more
425 3809 604 3874 sacerdotis
618 3809 807 3874 solemniter
822 3809 940 3890 juravit
955 3810 1127 3890 obligando
1150 3827 1186 3874 se
1202 3819 1233 3875 et
1248 3826 1306 3874 sua
1324 3809 1402 3873 bona

320 3907 449 3973 mobilia
464 3917 496 3973 ot
508 3907 694 3982 immobilia,
712 3909 874 3990 presentia
887 3919 918 3975 et
932 3910 1048 3986 lutura,
1060 3909 1174 3992 jurans
1190 3926 1254 3974 non
1267 3909 1405 3973 alienare

356 4119 394 4191 <lt
413 4119 570 4186 Detrtnctus
591 4139 625 4178 ue
639 4121 749 4192 signifie
770 4141 820 4194 pas
833 4123 988 4194 imbrificat,
1008 4125 1077 4178 mais
1091 4124 1153 4180 bien
1166 4132 1253 4190 agaret
1266 4123 1354 4190 quibe'
1362 4137 1402 4174 ses

319 4217 457 4279 fonctions
470 4213 504 4267 de
517 4209 622 4282 regent.
