<?xml version="1.0" encoding="UTF-8"?>
<!DOCTYPE html PUBLIC "-//W3C//DTD XHTML 1.0 Transitional//EN"
    "http://www.w3.org/TR/xhtml1/DTD/xhtml1-transitional.dtd">
<html xmlns="http://www.w3.org/1999/xhtml" xml:lang="en" lang="en">
 <head>
  <title>
</title>
<meta http-equiv="Content-Type" content="text/html;charset=utf-8" />
  <meta name='ocr-system' content='tesseract 3.04.00' />
  <meta name='ocr-capabilities' content='ocr_page ocr_carea ocr_par ocr_line ocrx_word'/>
</head>
<body>
  <div class='ocr_page' id='page_1' title='image "./documentsrelati01reusgoog/documentsrelati01reusgoog_1028.png"; bbox 0 0 3232 4940; ppageno 0'>
   <div class='ocr_carea' id='block_1_1' title="bbox 783 439 971 504">
    <p class='ocr_par' dir='ltr' id='par_1_1' title="bbox 783 439 971 504">
     <span class='ocr_line' id='line_1_1' title="bbox 783 439 971 504; baseline 0.011 -2"><span class='ocrx_word' id='word_1_1' title='bbox 783 475 821 484; x_wconf 95' lang='lat'><em>-</em></span> <span class='ocrx_word' id='word_1_2' title='bbox 845 439 971 504; x_wconf 77' lang='lat' dir='ltr'>tat—</span> 
     </span>
    </p>
   </div>
   <div class='ocr_carea' id='block_1_2' title="bbox 222 617 1326 710">
    <p class='ocr_par' dir='ltr' id='par_1_2' title="bbox 222 617 1326 710">
     <span class='ocr_line' id='line_1_2' title="bbox 222 617 1326 710; baseline -0.005 -24"><span class='ocrx_word' id='word_1_3' title='bbox 222 701 226 710; x_wconf 38' lang='grc'><strong>,</strong></span> <span class='ocrx_word' id='word_1_4' title='bbox 331 620 422 697; x_wconf 74' lang='lat' dir='ltr'>trab,</span> <span class='ocrx_word' id='word_1_5' title='bbox 440 619 563 684; x_wconf 76' lang='lat' dir='ltr'>tanco.</span> <span class='ocrx_word' id='word_1_6' title='bbox 615 619 667 683; x_wconf 84' lang='lat' dir='ltr'>Pr.</span> <span class='ocrx_word' id='word_1_7' title='bbox 686 619 799 685; x_wconf 87' lang='lat' dir='ltr'>Petrus</span> <span class='ocrx_word' id='word_1_8' title='bbox 815 618 951 695; x_wconf 79' lang='lat' dir='ltr'>Monuni,</span> <span class='ocrx_word' id='word_1_9' title='bbox 969 619 1002 683; x_wconf 84' lang='lat' dir='ltr'>S.</span> <span class='ocrx_word' id='word_1_10' title='bbox 1020 617 1197 698; x_wconf 83' lang='lat' dir='ltr'>Scripturae</span> <span class='ocrx_word' id='word_1_11' title='bbox 1212 619 1326 684; x_wconf 89' lang='lat' dir='ltr'>lector.</span> 
     </span>
    </p>
   </div>
   <div class='ocr_carea' id='block_1_3' title="bbox 351 715 1423 1296">
    <p class='ocr_par' dir='ltr' id='par_1_3' title="bbox 351 715 1423 1296">
     <span class='ocr_line' id='line_1_3' title="bbox 351 715 1422 797; baseline -0.006 -11"><span class='ocrx_word' id='word_1_12' title='bbox 351 719 536 795; x_wconf 62' lang='lat' dir='ltr'>Ratiaria</span> <span class='ocrx_word' id='word_1_13' title='bbox 549 719 599 784; x_wconf 71' lang='lat' dir='ltr'>ib.</span> <span class='ocrx_word' id='word_1_14' title='bbox 616 719 683 784; x_wconf 84' lang='lat' dir='ltr'>Dei.</span> <span class='ocrx_word' id='word_1_15' title='bbox 703 720 924 784; x_wconf 80' lang='lat' dir='ltr'>bonaventura</span> <span class='ocrx_word' id='word_1_16' title='bbox 948 717 1102 794; x_wconf 74' lang='lat' dir='ltr'>odorati,</span> <span class='ocrx_word' id='word_1_17' title='bbox 1118 717 1259 783; x_wconf 83' lang='lat' dir='ltr'>ioannes</span> <span class='ocrx_word' id='word_1_18' title='bbox 1280 715 1422 797; x_wconf 78' lang='lat' dir='ltr'>Mobup,</span> 
     </span>
     <span class='ocr_line' id='line_1_4' title="bbox 495 817 1260 897; baseline -0.001 -16"><span class='ocrx_word' id='word_1_19' title='bbox 495 817 675 884; x_wconf 70' lang='lat' dir='ltr'>increase</span> <span class='ocrx_word' id='word_1_20' title='bbox 692 819 869 894; x_wconf 76' lang='lat' dir='ltr'>brancato,</span> <span class='ocrx_word' id='word_1_21' title='bbox 888 828 919 884; x_wconf 93' lang='lat' dir='ltr'>et</span> <span class='ocrx_word' id='word_1_22' title='bbox 934 818 1086 883; x_wconf 86' lang='lat' dir='ltr'>Nicoiaus</span> <span class='ocrx_word' id='word_1_23' title='bbox 1104 817 1221 897; x_wconf 83' lang='lat' dir='ltr'>tpact.</span> <span class='ocrx_word' id='word_1_24' title='bbox 1259 860 1260 863; x_wconf 19' lang='grc' dir='ltr'><strong>κ</strong></span> 
     </span>
     <span class='ocr_line' id='line_1_5' title="bbox 412 914 1423 999; baseline -0.004 -18"><span class='ocrx_word' id='word_1_25' title='bbox 412 918 468 981; x_wconf 86' lang='lat' dir='ltr'>Tb.</span> <span class='ocrx_word' id='word_1_26' title='bbox 487 934 587 983; x_wconf 85' lang='lat' dir='ltr'>sacrae</span> <span class='ocrx_word' id='word_1_27' title='bbox 609 926 642 983; x_wconf 93' lang='lat' dir='ltr'>et</span> <span class='ocrx_word' id='word_1_28' title='bbox 658 917 851 982; x_wconf 83' lang='lat' dir='ltr'>reflexiones</span> <span class='ocrx_word' id='word_1_29' title='bbox 867 915 1059 999; x_wconf 78' lang='lat' dir='ltr'>theologicae</span> <span class='ocrx_word' id='word_1_30' title='bbox 1082 934 1121 982; x_wconf 82' lang='lat' dir='ltr'>ex</span> <span class='ocrx_word' id='word_1_31' title='bbox 1145 915 1308 996; x_wconf 80' lang='lat' dir='ltr'><strong>prioribus</strong></span> <span class='ocrx_word' id='word_1_32' title='bbox 1332 914 1423 996; x_wconf 83' lang='lat' dir='ltr'>capi-</span> 
     </span>
     <span class='ocr_line' id='line_1_6' title="bbox 372 1014 1422 1091; baseline -0.004 -9"><span class='ocrx_word' id='word_1_33' title='bbox 372 1017 457 1082; x_wconf 90' lang='lat' dir='ltr'>tibus</span> <span class='ocrx_word' id='word_1_34' title='bbox 480 1016 591 1091; x_wconf 83' lang='lat' dir='ltr'>Exodi,</span> <span class='ocrx_word' id='word_1_35' title='bbox 610 1017 648 1080; x_wconf 85' lang='lat' dir='ltr'>ad</span> <span class='ocrx_word' id='word_1_36' title='bbox 675 1033 716 1078; x_wconf 92' lang='lat' dir='ltr'>m.</span> <span class='ocrx_word' id='word_1_37' title='bbox 734 1017 765 1079; x_wconf 92' lang='lat' dir='ltr'>d.</span> <span class='ocrx_word' id='word_1_38' title='bbox 785 1033 812 1080; x_wconf 92' lang='lat' dir='ltr'>s.</span> <span class='ocrx_word' id='word_1_39' title='bbox 888 1015 949 1082; x_wconf 81' lang='lat' dir='ltr'>una</span> <span class='ocrx_word' id='word_1_40' title='bbox 971 1033 1044 1082; x_wconf 88' lang='lat' dir='ltr'>cum</span> <span class='ocrx_word' id='word_1_41' title='bbox 1067 1015 1281 1082; x_wconf 77' lang='lat' dir='ltr'>elucidatione</span> <span class='ocrx_word' id='word_1_42' title='bbox 1305 1014 1422 1080; x_wconf 86' lang='lat' dir='ltr'>decem</span> 
     </span>
     <span class='ocr_line' id='line_1_7' title="bbox 372 1115 1422 1198; baseline -0.004 -18"><span class='ocrx_word' id='word_1_43' title='bbox 372 1124 605 1197; x_wconf 88' lang='lat' dir='ltr'>praeceptorum</span> <span class='ocrx_word' id='word_1_44' title='bbox 643 1116 803 1197; x_wconf 77' lang='lat' dir='ltr'>decalogi.</span> <span class='ocrx_word' id='word_1_45' title='bbox 837 1151 873 1162; x_wconf 91' lang='lat'>—</span> <span class='ocrx_word' id='word_1_46' title='bbox 906 1116 1046 1192; x_wconf 81' lang='lat' dir='ltr'>Louanii,</span> <span class='ocrx_word' id='word_1_47' title='bbox 1079 1116 1162 1198; x_wconf 87' lang='lat' dir='ltr'>typis</span> <span class='ocrx_word' id='word_1_48' title='bbox 1199 1115 1324 1179; x_wconf 81' lang='lat' dir='ltr'>biartini</span> <span class='ocrx_word' id='word_1_49' title='bbox 1354 1115 1422 1178; x_wconf 88' lang='lat' dir='ltr'>Van</span> 
     </span>
     <span class='ocr_line' id='line_1_8' title="bbox 369 1213 786 1296; baseline 0.005 -18"><span class='ocrx_word' id='word_1_50' title='bbox 369 1214 546 1291; x_wconf 83' lang='lat' dir='ltr'>Ouerbeke,</span> <span class='ocrx_word' id='word_1_51' title='bbox 565 1215 598 1278; x_wconf 90' lang='lat' dir='ltr'>in</span> <span class='ocrx_word' id='word_1_52' title='bbox 615 1213 658 1288; x_wconf 83' lang='grc'>40,</span> <span class='ocrx_word' id='word_1_53' title='bbox 678 1214 716 1276; x_wconf 84' lang='lat' dir='ltr'>tt</span> <span class='ocrx_word' id='word_1_54' title='bbox 733 1231 786 1296; x_wconf 93' lang='lat' dir='ltr'>pp.</span> 
     </span>
    </p>
   </div>
   <div class='ocr_carea' id='block_1_4' title="bbox 320 1362 1422 1942">
    <p class='ocr_par' dir='ltr' id='par_1_4' title="bbox 320 1362 1422 1942">
     <span class='ocr_line' id='line_1_9' title="bbox 330 1362 1286 1438; baseline -0.001 -12"><span class='ocrx_word' id='word_1_55' title='bbox 330 1363 421 1438; x_wconf 73' lang='lat' dir='ltr'>atat,</span> <span class='ocrx_word' id='word_1_56' title='bbox 439 1364 457 1424; x_wconf 83' lang='lat' dir='ltr'>b</span> <span class='ocrx_word' id='word_1_57' title='bbox 474 1364 559 1426; x_wconf 86' lang='lat' dir='ltr'>maii.</span> <span class='ocrx_word' id='word_1_58' title='bbox 616 1363 666 1426; x_wconf 89' lang='lat' dir='ltr'>Pr.</span> <span class='ocrx_word' id='word_1_59' title='bbox 686 1363 879 1428; x_wconf 84' lang='lat' dir='ltr'>Franciscus</span> <span class='ocrx_word' id='word_1_60' title='bbox 895 1366 914 1426; x_wconf 86' lang='lat' dir='ltr'>d</span> <span class='ocrx_word' id='word_1_61' title='bbox 931 1363 1052 1438; x_wconf 82' lang='lat' dir='ltr'>Furem,</span> <span class='ocrx_word' id='word_1_62' title='bbox 1070 1363 1102 1426; x_wconf 92' lang='lat' dir='ltr'>S.</span> <span class='ocrx_word' id='word_1_63' title='bbox 1119 1362 1154 1426; x_wconf 82' lang='lat' dir='ltr'>T.</span> <span class='ocrx_word' id='word_1_64' title='bbox 1171 1363 1286 1428; x_wconf 89' lang='lat' dir='ltr'>lector.</span> 
     </span>
     <span class='ocr_line' id='line_1_10' title="bbox 350 1461 1422 1544; baseline -0.005 -16"><span class='ocrx_word' id='word_1_65' title='bbox 350 1461 682 1538; x_wconf 69' lang='lat' dir='ltr'>Rei.i⁰,uxubb.bei.</span> <span class='ocrx_word' id='word_1_66' title='bbox 715 1461 897 1526; x_wconf 80' lang='lat' dir='ltr'>bernardus</span> <span class='ocrx_word' id='word_1_67' title='bbox 927 1465 1113 1544; x_wconf 75' lang='lat' dir='ltr'>Mopoorcn,</span> <span class='ocrx_word' id='word_1_68' title='bbox 1147 1461 1303 1526; x_wconf 84' lang='lat' dir='ltr'>Patricius</span> <span class='ocrx_word' id='word_1_69' title='bbox 1340 1462 1422 1526; x_wconf 85' lang='lat' dir='ltr'>Cou-</span> 
     </span>
     <span class='ocr_line' id='line_1_11' title="bbox 495 1559 1420 1642; baseline -0.004 -16"><span class='ocrx_word' id='word_1_70' title='bbox 495 1580 604 1636; x_wconf 82' lang='lat' dir='ltr'>emten,</span> <span class='ocrx_word' id='word_1_71' title='bbox 623 1562 724 1627; x_wconf 58' lang='lat' dir='ltr'>itucas</span> <span class='ocrx_word' id='word_1_72' title='bbox 747 1563 765 1624; x_wconf 88' lang='lat' dir='ltr'>d</span> <span class='ocrx_word' id='word_1_73' title='bbox 782 1561 891 1642; x_wconf 69' lang='lat' dir='ltr'>deity,</span> <span class='ocrx_word' id='word_1_74' title='bbox 910 1572 942 1627; x_wconf 89' lang='lat' dir='ltr'>et</span> <span class='ocrx_word' id='word_1_75' title='bbox 965 1562 1188 1627; x_wconf 88' lang='lat' dir='ltr'>Bonaventura</span> <span class='ocrx_word' id='word_1_76' title='bbox 1211 1561 1280 1624; x_wconf 80' lang='lat' dir='ltr'>Mac</span> <span class='ocrx_word' id='word_1_77' title='bbox 1296 1559 1420 1624; x_wconf 75' lang='lat' dir='ltr'>Donati.</span> 
     </span>
     <span class='ocr_line' id='line_1_12' title="bbox 412 1657 1420 1744; baseline -0.004 -20"><span class='ocrx_word' id='word_1_78' title='bbox 412 1660 470 1724; x_wconf 85' lang='lat' dir='ltr'>Tb.</span> <span class='ocrx_word' id='word_1_79' title='bbox 488 1662 588 1727; x_wconf 90' lang='lat' dir='ltr'>tbeoi.</span> <span class='ocrx_word' id='word_1_80' title='bbox 605 1661 645 1725; x_wconf 92' lang='lat' dir='ltr'>de</span> <span class='ocrx_word' id='word_1_81' title='bbox 660 1662 871 1725; x_wconf 80' lang='lat' dir='ltr'>sacramentis</span> <span class='ocrx_word' id='word_1_82' title='bbox 894 1662 1061 1744; x_wconf 69' lang='lat' dir='ltr'>inponere</span> <span class='ocrx_word' id='word_1_83' title='bbox 1083 1669 1115 1726; x_wconf 86' lang='lat' dir='ltr'>et</span> <span class='ocrx_word' id='word_1_84' title='bbox 1129 1661 1232 1725; x_wconf 92' lang='lat' dir='ltr'>tribus</span> <span class='ocrx_word' id='word_1_85' title='bbox 1256 1659 1367 1740; x_wconf 90' lang='lat' dir='ltr'>primis</span> <span class='ocrx_word' id='word_1_86' title='bbox 1385 1657 1420 1721; x_wconf 94' lang='lat' dir='ltr'>in</span> 
     </span>
     <span class='ocr_line' id='line_1_13' title="bbox 374 1756 1422 1840; baseline -0.003 -17"><span class='ocrx_word' id='word_1_87' title='bbox 374 1760 482 1840; x_wconf 89' lang='lat' dir='ltr'>specie</span> <span class='ocrx_word' id='word_1_88' title='bbox 506 1761 545 1824; x_wconf 90' lang='lat' dir='ltr'>ad</span> <span class='ocrx_word' id='word_1_89' title='bbox 566 1776 607 1822; x_wconf 91' lang='lat' dir='ltr'>m.</span> <span class='ocrx_word' id='word_1_90' title='bbox 633 1759 697 1823; x_wconf 86' lang='lat' dir='ltr'>bb.</span> <span class='ocrx_word' id='word_1_91' title='bbox 716 1761 876 1840; x_wconf 81' lang='lat' dir='ltr'>seraphici</span> <span class='ocrx_word' id='word_1_92' title='bbox 900 1771 932 1825; x_wconf 92' lang='lat' dir='ltr'>et</span> <span class='ocrx_word' id='word_1_93' title='bbox 955 1760 1095 1825; x_wconf 91' lang='lat' dir='ltr'>subtilis.</span> <span class='ocrx_word' id='word_1_94' title='bbox 1114 1795 1151 1806; x_wconf 93' lang='lat'><em>-</em></span> <span class='ocrx_word' id='word_1_95' title='bbox 1169 1759 1310 1832; x_wconf 82' lang='lat' dir='ltr'>Lovanii,</span> <span class='ocrx_word' id='word_1_96' title='bbox 1336 1756 1422 1839; x_wconf 76' lang='lat' dir='ltr'>typis</span> 
     </span>
     <span class='ocr_line' id='line_1_14' title="bbox 320 1857 996 1942; baseline 0.001 -22"><span class='ocrx_word' id='word_1_97' title='bbox 320 1935 323 1942; x_wconf 19' lang='grc' dir='ltr'><strong><em>Δ</em></strong></span> <span class='ocrx_word' id='word_1_98' title='bbox 375 1858 500 1922; x_wconf 84' lang='lat' dir='ltr'>Martini</span> <span class='ocrx_word' id='word_1_99' title='bbox 518 1859 582 1921; x_wconf 89' lang='lat' dir='ltr'>Van</span> <span class='ocrx_word' id='word_1_100' title='bbox 599 1857 777 1924; x_wconf 80' lang='lat' dir='ltr'>Ouerbeke.</span> <span class='ocrx_word' id='word_1_101' title='bbox 795 1858 828 1921; x_wconf 87' lang='lat' dir='ltr'>{n</span> <span class='ocrx_word' id='word_1_102' title='bbox 846 1857 890 1933; x_wconf 79' lang='grc'>40,</span> <span class='ocrx_word' id='word_1_103' title='bbox 908 1859 928 1922; x_wconf 91' lang='lat'>8</span> <span class='ocrx_word' id='word_1_104' title='bbox 945 1877 996 1940; x_wconf 93' lang='lat' dir='ltr'>pp.</span> 
     </span>
    </p>
   </div>
   <div class='ocr_carea' id='block_1_5' title="bbox 325 2005 1422 2779">
    <p class='ocr_par' dir='ltr' id='par_1_5' title="bbox 325 2005 1422 2779">
     <span class='ocr_line' id='line_1_15' title="bbox 329 2005 1218 2085; baseline -0.002 -15"><span class='ocrx_word' id='word_1_105' title='bbox 329 2005 421 2080; x_wconf 64' lang='lat' dir='ltr'>iiii,</span> <span class='ocrx_word' id='word_1_106' title='bbox 438 2005 475 2068; x_wconf 79' lang='lat' dir='ltr'>at</span> <span class='ocrx_word' id='word_1_107' title='bbox 487 2006 572 2085; x_wconf 75' lang='lat' dir='ltr'>iulii.</span> <span class='ocrx_word' id='word_1_108' title='bbox 616 2007 666 2070; x_wconf 85' lang='lat' dir='ltr'>Pr.</span> <span class='ocrx_word' id='word_1_109' title='bbox 685 2007 841 2070; x_wconf 75' lang='lat' dir='ltr'>Antonius</span> <span class='ocrx_word' id='word_1_110' title='bbox 856 2006 983 2082; x_wconf 80' lang='lat' dir='ltr'>Kanum,</span> <span class='ocrx_word' id='word_1_111' title='bbox 1000 2006 1033 2069; x_wconf 87' lang='lat' dir='ltr'>S.</span> <span class='ocrx_word' id='word_1_112' title='bbox 1051 2009 1085 2068; x_wconf 87' lang='grc' dir='ltr'>Τ.</span> <span class='ocrx_word' id='word_1_113' title='bbox 1105 2006 1218 2070; x_wconf 82' lang='lat' dir='ltr'>lector.</span> 
     </span>
     <span class='ocr_line' id='line_1_16' title="bbox 348 2103 1416 2181; baseline -0.002 -13"><span class='ocrx_word' id='word_1_114' title='bbox 348 2103 529 2181; x_wconf 74' lang='lat' dir='ltr'>Rel.4⁰‚rxu</span> <span class='ocrx_word' id='word_1_115' title='bbox 546 2105 595 2168; x_wconf 81' lang='grc'>37.</span> <span class='ocrx_word' id='word_1_116' title='bbox 615 2105 682 2170; x_wconf 83' lang='lat' dir='ltr'>bei.</span> <span class='ocrx_word' id='word_1_117' title='bbox 707 2105 901 2170; x_wconf 80' lang='lat' dir='ltr'>Franciscus</span> <span class='ocrx_word' id='word_1_118' title='bbox 925 2105 1118 2180; x_wconf 83' lang='lat' dir='ltr'>iluotcbcue,</span> <span class='ocrx_word' id='word_1_119' title='bbox 1135 2114 1167 2170; x_wconf 91' lang='lat' dir='ltr'>et</span> <span class='ocrx_word' id='word_1_120' title='bbox 1192 2103 1416 2169; x_wconf 79' lang='lat' dir='ltr'>bonaventura</span> 
     </span>
     <span class='ocr_line' id='line_1_17' title="bbox 493 2205 659 2286; baseline -0.006 -19"><span class='ocrx_word' id='word_1_121' title='bbox 493 2205 659 2286; x_wconf 75' lang='lat' dir='ltr'>deBtttpo.</span> 
     </span>
     <span class='ocr_line' id='line_1_18' title="bbox 411 2298 1422 2370; baseline -0.003 -5"><span class='ocrx_word' id='word_1_122' title='bbox 411 2303 468 2366; x_wconf 85' lang='lat' dir='ltr'>Tb.</span> <span class='ocrx_word' id='word_1_123' title='bbox 494 2303 592 2370; x_wconf 87' lang='lat' dir='ltr'>tireoi.</span> <span class='ocrx_word' id='word_1_124' title='bbox 617 2303 656 2366; x_wconf 86' lang='lat' dir='ltr'>ad</span> <span class='ocrx_word' id='word_1_125' title='bbox 678 2321 720 2366; x_wconf 91' lang='lat' dir='ltr'>m.</span> <span class='ocrx_word' id='word_1_126' title='bbox 739 2302 771 2367; x_wconf 92' lang='lat' dir='ltr'>d.</span> <span class='ocrx_word' id='word_1_127' title='bbox 788 2321 816 2368; x_wconf 90' lang='lat' dir='ltr'>s.</span> <span class='ocrx_word' id='word_1_128' title='bbox 834 2303 874 2368; x_wconf 90' lang='lat' dir='ltr'>de</span> <span class='ocrx_word' id='word_1_129' title='bbox 889 2303 1122 2368; x_wconf 86' lang='lat' dir='ltr'>Sacro-Sancto</span> <span class='ocrx_word' id='word_1_130' title='bbox 1144 2302 1237 2368; x_wconf 87' lang='lat' dir='ltr'>Verbi</span> <span class='ocrx_word' id='word_1_131' title='bbox 1260 2298 1422 2366; x_wconf 85' lang='lat' dir='ltr'>incarnati</span> 
     </span>
     <span class='ocr_line' id='line_1_19' title="bbox 372 2400 1422 2484; baseline -0.001 -20"><span class='ocrx_word' id='word_1_132' title='bbox 372 2401 535 2484; x_wconf 84' lang='lat' dir='ltr'>Mysterio,</span> <span class='ocrx_word' id='word_1_133' title='bbox 559 2403 652 2467; x_wconf 81' lang='lat' dir='ltr'>ttuttu</span> <span class='ocrx_word' id='word_1_134' title='bbox 679 2411 711 2468; x_wconf 89' lang='lat' dir='ltr'>et</span> <span class='ocrx_word' id='word_1_135' title='bbox 736 2403 949 2467; x_wconf 82' lang='lat' dir='ltr'>veneratione</span> <span class='ocrx_word' id='word_1_136' title='bbox 974 2403 1092 2467; x_wconf 87' lang='lat' dir='ltr'>(ibristi</span> <span class='ocrx_word' id='word_1_137' title='bbox 1122 2402 1259 2478; x_wconf 86' lang='lat' dir='ltr'>Domini,</span> <span class='ocrx_word' id='word_1_138' title='bbox 1283 2400 1422 2481; x_wconf 78' lang='lat' dir='ltr'>eiusque</span> 
     </span>
     <span class='ocr_line' id='line_1_20' title="bbox 325 2500 1419 2576; baseline -0.003 -13"><span class='ocrx_word' id='word_1_139' title='bbox 325 2562 328 2571; x_wconf 81' lang='grc'><strong>,</strong></span> <span class='ocrx_word' id='word_1_140' title='bbox 371 2500 589 2566; x_wconf 74' lang='lat' dir='ltr'>Sanctissimae</span> <span class='ocrx_word' id='word_1_141' title='bbox 611 2501 796 2576; x_wconf 86' lang='lat' dir='ltr'>Genitricis,</span> <span class='ocrx_word' id='word_1_142' title='bbox 816 2501 1020 2566; x_wconf 85' lang='lat' dir='ltr'>invocatione</span> <span class='ocrx_word' id='word_1_143' title='bbox 1042 2511 1074 2566; x_wconf 91' lang='lat' dir='ltr'>et</span> <span class='ocrx_word' id='word_1_144' title='bbox 1097 2501 1188 2564; x_wconf 83' lang='lat' dir='ltr'>Cultu</span> <span class='ocrx_word' id='word_1_145' title='bbox 1213 2501 1419 2572; x_wconf 86' lang='lat' dir='ltr'>Sanctorum,</span> 
     </span>
     <span class='ocr_line' id='line_1_21' title="bbox 371 2595 1420 2680; baseline -0.004 -16"><span class='ocrx_word' id='word_1_146' title='bbox 371 2615 548 2680; x_wconf 86' lang='lat' dir='ltr'>eorumque</span> <span class='ocrx_word' id='word_1_147' title='bbox 583 2599 759 2680; x_wconf 84' lang='lat' dir='ltr'>imaginum</span> <span class='ocrx_word' id='word_1_148' title='bbox 794 2607 825 2664; x_wconf 91' lang='lat' dir='ltr'>et</span> <span class='ocrx_word' id='word_1_149' title='bbox 855 2600 1058 2663; x_wconf 84' lang='lat' dir='ltr'>Exuviarum.</span> <span class='ocrx_word' id='word_1_150' title='bbox 1090 2635 1131 2646; x_wconf 97' lang='lat'>-</span> <span class='ocrx_word' id='word_1_151' title='bbox 1160 2597 1299 2671; x_wconf 79' lang='lat' dir='ltr'>Lorarii,</span> <span class='ocrx_word' id='word_1_152' title='bbox 1333 2595 1420 2677; x_wconf 87' lang='lat' dir='ltr'>typis</span> 
     </span>
     <span class='ocr_line' id='line_1_22' title="bbox 371 2697 988 2779; baseline 0 -18"><span class='ocrx_word' id='word_1_153' title='bbox 371 2697 493 2763; x_wconf 86' lang='lat' dir='ltr'>biartini</span> <span class='ocrx_word' id='word_1_154' title='bbox 510 2699 576 2761; x_wconf 90' lang='lat' dir='ltr'>Van</span> <span class='ocrx_word' id='word_1_155' title='bbox 592 2698 768 2764; x_wconf 84' lang='lat' dir='ltr'>Ouerbeire.</span> <span class='ocrx_word' id='word_1_156' title='bbox 788 2699 821 2761; x_wconf 86' lang='lat' dir='ltr'>{n</span> <span class='ocrx_word' id='word_1_157' title='bbox 838 2699 882 2774; x_wconf 82' lang='grc'>40,</span> <span class='ocrx_word' id='word_1_158' title='bbox 900 2699 919 2761; x_wconf 91' lang='lat'>8</span> <span class='ocrx_word' id='word_1_159' title='bbox 936 2716 988 2779; x_wconf 96' lang='lat' dir='ltr'>pp.</span> 
     </span>
    </p>
   </div>
   <div class='ocr_carea' id='block_1_6' title="bbox 330 2844 1421 3125">
    <p class='ocr_par' dir='ltr' id='par_1_6' title="bbox 330 2844 1421 3125">
     <span class='ocr_line' id='line_1_23' title="bbox 330 2844 1417 2926; baseline -0.001 -18"><span class='ocrx_word' id='word_1_160' title='bbox 330 2846 422 2921; x_wconf 77' lang='lat' dir='ltr'>itai,</span> <span class='ocrx_word' id='word_1_161' title='bbox 439 2845 479 2908; x_wconf 65' lang='lat' dir='ltr'>bb</span> <span class='ocrx_word' id='word_1_162' title='bbox 493 2853 570 2926; x_wconf 84' lang='lat' dir='ltr'>sept.</span> <span class='ocrx_word' id='word_1_163' title='bbox 615 2845 666 2908; x_wconf 89' lang='lat' dir='ltr'>Pr.</span> <span class='ocrx_word' id='word_1_164' title='bbox 681 2846 821 2910; x_wconf 79' lang='lat' dir='ltr'>loannes</span> <span class='ocrx_word' id='word_1_165' title='bbox 836 2846 1058 2923; x_wconf 82' lang='lat' dir='ltr'>diue-Numan,</span> <span class='ocrx_word' id='word_1_166' title='bbox 1073 2845 1105 2909; x_wconf 93' lang='lat' dir='ltr'>S.</span> <span class='ocrx_word' id='word_1_167' title='bbox 1116 2845 1289 2926; x_wconf 81' lang='lat' dir='ltr'>Scripturae</span> <span class='ocrx_word' id='word_1_168' title='bbox 1302 2844 1417 2909; x_wconf 82' lang='lat' dir='ltr'>lector.</span> 
     </span>
     <span class='ocr_line' id='line_1_24' title="bbox 351 2942 1421 3026; baseline 0 -20"><span class='ocrx_word' id='word_1_169' title='bbox 351 2944 420 3010; x_wconf 89' lang='lat' dir='ltr'>Rei.</span> <span class='ocrx_word' id='word_1_170' title='bbox 437 2945 482 3021; x_wconf 90' lang='lat'>8⁰,</span> <span class='ocrx_word' id='word_1_171' title='bbox 498 2963 528 3007; x_wconf 88' lang='lat' dir='ltr'>xr</span> <span class='ocrx_word' id='word_1_172' title='bbox 546 2945 595 3007; x_wconf 75' lang='lat' dir='ltr'>ai.</span> <span class='ocrx_word' id='word_1_173' title='bbox 616 2946 683 3009; x_wconf 85' lang='lat' dir='ltr'>bei.</span> <span class='ocrx_word' id='word_1_174' title='bbox 702 2945 862 3026; x_wconf 76' lang='lat' dir='ltr'>Iosephus</span> <span class='ocrx_word' id='word_1_175' title='bbox 885 2946 903 3007; x_wconf 86' lang='lat' dir='ltr'>d</span> <span class='ocrx_word' id='word_1_176' title='bbox 928 2945 1047 3023; x_wconf 73' lang='lat' dir='ltr'>norrea,</span> <span class='ocrx_word' id='word_1_177' title='bbox 1066 2947 1192 3009; x_wconf 83' lang='lat' dir='ltr'>Marcus</span> <span class='ocrx_word' id='word_1_178' title='bbox 1214 2943 1316 3019; x_wconf 79' lang='lat' dir='ltr'>Attea,</span> <span class='ocrx_word' id='word_1_179' title='bbox 1340 2942 1421 3008; x_wconf 88' lang='lat' dir='ltr'>Ber·</span> 
     </span>
     <span class='ocr_line' id='line_1_25' title="bbox 496 3044 1192 3125; baseline 0.001 -19"><span class='ocrx_word' id='word_1_180' title='bbox 496 3045 616 3108; x_wconf 84' lang='lat' dir='ltr'>nardus</span> <span class='ocrx_word' id='word_1_181' title='bbox 631 3047 816 3125; x_wconf 77' lang='lat' dir='ltr'>ntupum-on,</span> <span class='ocrx_word' id='word_1_182' title='bbox 834 3055 866 3110; x_wconf 90' lang='lat' dir='ltr'>et</span> <span class='ocrx_word' id='word_1_183' title='bbox 880 3045 1025 3110; x_wconf 81' lang='lat' dir='ltr'>Andreas</span> <span class='ocrx_word' id='word_1_184' title='bbox 1041 3044 1192 3109; x_wconf 84' lang='lat' dir='ltr'>Piuniteit.</span> 
     </span>
    </p>
   </div>
   <div class='ocr_carea' id='block_1_7' title="bbox 372 3140 1421 3423">
    <p class='ocr_par' dir='ltr' id='par_1_7' title="bbox 372 3140 1421 3423">
     <span class='ocr_line' id='line_1_26' title="bbox 411 3140 1421 3224; baseline 0.001 -21"><span class='ocrx_word' id='word_1_185' title='bbox 411 3140 533 3206; x_wconf 86' lang='lat' dir='ltr'>Theses</span> <span class='ocrx_word' id='word_1_186' title='bbox 558 3143 742 3224; x_wconf 68' lang='lat' dir='ltr'>isagogicas,</span> <span class='ocrx_word' id='word_1_187' title='bbox 767 3144 1240 3224; x_wconf 82' lang='lat' dir='ltr'>scholastico-scripturisticae,</span> <span class='ocrx_word' id='word_1_188' title='bbox 1260 3157 1335 3206; x_wconf 87' lang='lat' dir='ltr'>eum</span> <span class='ocrx_word' id='word_1_189' title='bbox 1361 3157 1421 3205; x_wconf 91' lang='lat' dir='ltr'>an-</span> 
     </span>
     <span class='ocr_line' id='line_1_27' title="bbox 372 3239 1421 3324; baseline 0.002 -22"><span class='ocrx_word' id='word_1_190' title='bbox 372 3240 461 3305; x_wconf 87' lang='lat' dir='ltr'>nexis</span> <span class='ocrx_word' id='word_1_191' title='bbox 492 3244 636 3322; x_wconf 82' lang='lat' dir='ltr'>parergis</span> <span class='ocrx_word' id='word_1_192' title='bbox 667 3253 699 3306; x_wconf 94' lang='lat' dir='ltr'>et</span> <span class='ocrx_word' id='word_1_193' title='bbox 725 3243 935 3324; x_wconf 85' lang='lat' dir='ltr'>interspersis</span> <span class='ocrx_word' id='word_1_194' title='bbox 965 3244 1037 3306; x_wconf 86' lang='lat' dir='ltr'>aliis</span> <span class='ocrx_word' id='word_1_195' title='bbox 1068 3241 1346 3316; x_wconf 75' lang='lat' dir='ltr'>conclusionibus,</span> <span class='ocrx_word' id='word_1_196' title='bbox 1377 3239 1421 3304; x_wconf 86' lang='lat' dir='ltr'>ad</span> 
     </span>
     <span class='ocr_line' id='line_1_28' title="bbox 373 3339 1419 3423; baseline 0.001 -21"><span class='ocrx_word' id='word_1_197' title='bbox 373 3354 414 3402; x_wconf 95' lang='lat' dir='ltr'>m.</span> <span class='ocrx_word' id='word_1_198' title='bbox 429 3339 460 3403; x_wconf 92' lang='lat' dir='ltr'>d.</span> <span class='ocrx_word' id='word_1_199' title='bbox 475 3357 503 3404; x_wconf 89' lang='lat' dir='ltr'>s.</span> <span class='ocrx_word' id='word_1_200' title='bbox 516 3374 553 3390; x_wconf 94' lang='lat'><em>-</em></span> <span class='ocrx_word' id='word_1_201' title='bbox 563 3341 795 3423; x_wconf 80' lang='lat' dir='ltr'>Lovanii.typis</span> <span class='ocrx_word' id='word_1_202' title='bbox 810 3343 935 3406; x_wconf 85' lang='lat' dir='ltr'>Martini</span> <span class='ocrx_word' id='word_1_203' title='bbox 951 3342 1014 3406; x_wconf 89' lang='lat' dir='ltr'>Van</span> <span class='ocrx_word' id='word_1_204' title='bbox 1025 3339 1201 3407; x_wconf 87' lang='lat' dir='ltr'>Overbeite.</span> <span class='ocrx_word' id='word_1_205' title='bbox 1216 3341 1250 3404; x_wconf 90' lang='lat' dir='ltr'>in</span> <span class='ocrx_word' id='word_1_206' title='bbox 1262 3339 1349 3418; x_wconf 74' lang='lat' dir='ltr'>8⁰,aa</span> <span class='ocrx_word' id='word_1_207' title='bbox 1362 3357 1419 3422; x_wconf 92' lang='lat' dir='ltr'>pp.</span> 
     </span>
    </p>
   </div>
   <div class='ocr_carea' id='block_1_8' title="bbox 325 3487 1425 4261">
    <p class='ocr_par' dir='ltr' id='par_1_8' title="bbox 325 3487 1425 4261">
     <span class='ocr_line' id='line_1_29' title="bbox 332 3487 1249 3569; baseline 0.003 -18"><span class='ocrx_word' id='word_1_208' title='bbox 332 3487 422 3564; x_wconf 69' lang='lat'>1728,</span> <span class='ocrx_word' id='word_1_209' title='bbox 441 3488 479 3552; x_wconf 75' lang='lat'>23</span> <span class='ocrx_word' id='word_1_210' title='bbox 488 3489 571 3569; x_wconf 82' lang='lat' dir='ltr'>julii.</span> <span class='ocrx_word' id='word_1_211' title='bbox 619 3491 669 3554; x_wconf 83' lang='lat' dir='ltr'>Pr.</span> <span class='ocrx_word' id='word_1_212' title='bbox 687 3491 880 3555; x_wconf 83' lang='lat' dir='ltr'>Franciscus</span> <span class='ocrx_word' id='word_1_213' title='bbox 896 3491 1017 3566; x_wconf 81' lang='lat' dir='ltr'>Farnuu,</span> <span class='ocrx_word' id='word_1_214' title='bbox 1034 3490 1066 3553; x_wconf 87' lang='lat' dir='ltr'>S.</span> <span class='ocrx_word' id='word_1_215' title='bbox 1084 3490 1118 3553; x_wconf 87' lang='lat' dir='ltr'>T.</span> <span class='ocrx_word' id='word_1_216' title='bbox 1136 3491 1249 3558; x_wconf 85' lang='lat' dir='ltr'>lector.</span> 
     </span>
     <span class='ocr_line' id='line_1_30' title="bbox 349 3586 1419 3670; baseline 0.003 -20"><span class='ocrx_word' id='word_1_217' title='bbox 349 3586 597 3662; x_wconf 53' lang='lat' dir='ltr'>boimundi.</span> <span class='ocrx_word' id='word_1_218' title='bbox 613 3589 680 3655; x_wconf 85' lang='lat' dir='ltr'>Dei.</span> <span class='ocrx_word' id='word_1_219' title='bbox 710 3589 891 3654; x_wconf 86' lang='lat' dir='ltr'>Beruardus</span> <span class='ocrx_word' id='word_1_220' title='bbox 917 3591 1104 3670; x_wconf 67' lang='lat' dir='ltr'>,Muccurum</span> <span class='ocrx_word' id='word_1_221' title='bbox 1133 3591 1235 3655; x_wconf 86' lang='lat' dir='ltr'>Lucas</span> <span class='ocrx_word' id='word_1_222' title='bbox 1261 3590 1279 3652; x_wconf 84' lang='lat' dir='ltr'>d</span> <span class='ocrx_word' id='word_1_223' title='bbox 1304 3589 1419 3669; x_wconf 77' lang='lat' dir='ltr'>Retbp,</span> 
     </span>
     <span class='ocr_line' id='line_1_31' title="bbox 495 3687 1111 3762; baseline 0 -12"><span class='ocrx_word' id='word_1_224' title='bbox 495 3687 635 3752; x_wconf 79' lang='lat' dir='ltr'>ioannes</span> <span class='ocrx_word' id='word_1_225' title='bbox 649 3688 784 3762; x_wconf 77' lang='lat' dir='ltr'>Statori,</span> <span class='ocrx_word' id='word_1_226' title='bbox 802 3697 832 3753; x_wconf 87' lang='lat' dir='ltr'>et</span> <span class='ocrx_word' id='word_1_227' title='bbox 848 3689 1006 3753; x_wconf 85' lang='lat' dir='ltr'>Antonius</span> <span class='ocrx_word' id='word_1_228' title='bbox 1021 3689 1111 3752; x_wconf 86' lang='lat' dir='ltr'>Kent.</span> 
     </span>
     <span class='ocr_line' id='line_1_32' title="bbox 412 3777 1423 3868; baseline 0.002 -20"><span class='ocrx_word' id='word_1_229' title='bbox 412 3785 470 3848; x_wconf 89' lang='lat' dir='ltr'>Tb.</span> <span class='ocrx_word' id='word_1_230' title='bbox 488 3787 585 3852; x_wconf 87' lang='lat' dir='ltr'>tbeoi.</span> <span class='ocrx_word' id='word_1_231' title='bbox 602 3787 642 3852; x_wconf 93' lang='lat' dir='ltr'>de</span> <span class='ocrx_word' id='word_1_232' title='bbox 659 3798 796 3868; x_wconf 79' lang='lat' dir='ltr'>quatuor</span> <span class='ocrx_word' id='word_1_233' title='bbox 820 3787 1031 3853; x_wconf 83' lang='lat' dir='ltr'>sacramentis</span> <span class='ocrx_word' id='word_1_234' title='bbox 1047 3777 1294 3867; x_wconf 85' lang='lat' dir='ltr'>posterioribus,</span> <span class='ocrx_word' id='word_1_235' title='bbox 1312 3785 1423 3851; x_wconf 92' lang='lat' dir='ltr'>indui-</span> 
     </span>
     <span class='ocr_line' id='line_1_33' title="bbox 370 3884 1423 3967; baseline 0 -19"><span class='ocrx_word' id='word_1_236' title='bbox 370 3885 488 3965; x_wconf 77' lang='lat' dir='ltr'>gentiis</span> <span class='ocrx_word' id='word_1_237' title='bbox 503 3902 540 3950; x_wconf 88' lang='lat' dir='ltr'>ac</span> <span class='ocrx_word' id='word_1_238' title='bbox 556 3888 716 3952; x_wconf 90' lang='lat' dir='ltr'>censuris.</span> <span class='ocrx_word' id='word_1_239' title='bbox 730 3885 853 3962; x_wconf 84' lang='lat' dir='ltr'>Quibus</span> <span class='ocrx_word' id='word_1_240' title='bbox 865 3887 970 3952; x_wconf 91' lang='lat' dir='ltr'>obiter</span> <span class='ocrx_word' id='word_1_241' title='bbox 986 3886 1166 3951; x_wconf 81' lang='lat' dir='ltr'>reiciantur</span> <span class='ocrx_word' id='word_1_242' title='bbox 1181 3886 1329 3967; x_wconf 69' lang='lat' dir='ltr'>quaedam</span> <span class='ocrx_word' id='word_1_243' title='bbox 1342 3884 1423 3948; x_wconf 85' lang='lat' dir='ltr'>Pro-</span> 
     </span>
     <span class='ocr_line' id='line_1_34' title="bbox 325 3983 1421 4066; baseline 0.003 -19"><span class='ocrx_word' id='word_1_244' title='bbox 325 4041 330 4054; x_wconf 78' lang='lat'><em>.</em></span> <span class='ocrx_word' id='word_1_245' title='bbox 371 3983 548 4063; x_wconf 90' lang='lat' dir='ltr'>positiones</span> <span class='ocrx_word' id='word_1_246' title='bbox 564 3995 725 4066; x_wconf 81' lang='lat' dir='ltr'>excerptae</span> <span class='ocrx_word' id='word_1_247' title='bbox 745 4003 783 4051; x_wconf 87' lang='lat' dir='ltr'>ex</span> <span class='ocrx_word' id='word_1_248' title='bbox 803 3987 939 4066; x_wconf 82' lang='lat' dir='ltr'>quadam</span> <span class='ocrx_word' id='word_1_249' title='bbox 955 3985 1098 4065; x_wconf 79' lang='lat' dir='ltr'>Epistola</span> <span class='ocrx_word' id='word_1_250' title='bbox 1116 3983 1269 4050; x_wconf 70' lang='lat' dir='ltr'>pastoraii</span> <span class='ocrx_word' id='word_1_251' title='bbox 1293 3983 1421 4050; x_wconf 90' lang='lat' dir='ltr'>ratione</span> 
     </span>
     <span class='ocr_line' id='line_1_35' title="bbox 332 4081 1425 4162; baseline 0 -16"><span class='ocrx_word' id='word_1_252' title='bbox 332 4139 335 4146; x_wconf 87' lang='lat'>.</span> <span class='ocrx_word' id='word_1_253' title='bbox 371 4082 483 4162; x_wconf 84' lang='lat' dir='ltr'>nuperi</span> <span class='ocrx_word' id='word_1_254' title='bbox 507 4082 632 4147; x_wconf 85' lang='lat' dir='ltr'>tubiiaei</span> <span class='ocrx_word' id='word_1_255' title='bbox 657 4084 743 4149; x_wconf 86' lang='lat' dir='ltr'>edita</span> <span class='ocrx_word' id='word_1_256' title='bbox 766 4085 804 4149; x_wconf 87' lang='lat' dir='ltr'>ad</span> <span class='ocrx_word' id='word_1_257' title='bbox 830 4101 870 4148; x_wconf 94' lang='lat' dir='ltr'>m.</span> <span class='ocrx_word' id='word_1_258' title='bbox 896 4086 928 4148; x_wconf 91' lang='lat' dir='ltr'>d.</span> <span class='ocrx_word' id='word_1_259' title='bbox 946 4099 973 4148; x_wconf 88' lang='lat' dir='ltr'>s.</span> <span class='ocrx_word' id='word_1_260' title='bbox 990 4083 1125 4148; x_wconf 83' lang='lat' dir='ltr'>ioannis</span> <span class='ocrx_word' id='word_1_261' title='bbox 1149 4085 1236 4148; x_wconf 83' lang='lat' dir='ltr'>bons</span> <span class='ocrx_word' id='word_1_262' title='bbox 1258 4081 1359 4148; x_wconf 88' lang='lat' dir='ltr'>Scoti.</span> <span class='ocrx_word' id='word_1_263' title='bbox 1380 4118 1425 4129; x_wconf 91' lang='grc'>-</span> 
     </span>
     <span class='ocr_line' id='line_1_36' title="bbox 372 4177 1270 4261; baseline 0.003 -21"><span class='ocrx_word' id='word_1_264' title='bbox 372 4177 516 4257; x_wconf 88' lang='lat' dir='ltr'>Lovanii,</span> <span class='ocrx_word' id='word_1_265' title='bbox 535 4181 617 4261; x_wconf 89' lang='lat' dir='ltr'>typis</span> <span class='ocrx_word' id='word_1_266' title='bbox 633 4181 758 4248; x_wconf 83' lang='lat' dir='ltr'>biartini</span> <span class='ocrx_word' id='word_1_267' title='bbox 776 4183 841 4245; x_wconf 88' lang='lat' dir='ltr'>Van</span> <span class='ocrx_word' id='word_1_268' title='bbox 857 4179 1033 4248; x_wconf 88' lang='lat' dir='ltr'>Overbeke.</span> <span class='ocrx_word' id='word_1_269' title='bbox 1050 4181 1086 4244; x_wconf 89' lang='lat' dir='ltr'>in</span> <span class='ocrx_word' id='word_1_270' title='bbox 1100 4182 1145 4259; x_wconf 82' lang='grc'>40,</span> <span class='ocrx_word' id='word_1_271' title='bbox 1163 4181 1201 4244; x_wconf 87' lang='lat' dir='ltr'>iii</span> <span class='ocrx_word' id='word_1_272' title='bbox 1217 4197 1270 4261; x_wconf 93' lang='lat' dir='ltr'>pp.</span> 
     </span>
    </p>
   </div>
   <div class='ocr_carea' id='block_1_9' title="bbox 0 0 1649 4940">
    <p class='ocr_par' dir='ltr' id='par_1_9' title="bbox 0 0 1649 4940">
     <span class='ocr_line' id='line_1_37' title="bbox 0 0 1649 4940; baseline 0 0"><span class='ocrx_word' id='word_1_273' title='bbox 0 0 1649 4940; x_wconf 95' lang='lat' dir='ltr'> </span> 
     </span>
    </p>
   </div>
  </div>
 </body>
</html>
