3130 4956
585 483 771 566 *llll-⁶

127 679 313 751 senioribus
340 681 503 750 facultatis
525 685 557 749 in
580 685 676 750 rubea
702 701 828 750 camera
852 683 967 750 domus
991 679 1162 760 facultatis,
1180 675 1219 750 ad

130 785 326 850 audiendum
349 785 581 850 resolutionem
602 784 669 849 sive
693 799 885 865 responsum
905 783 1106 848 dominorum
1121 784 1220 865 juris·

133 883 310 966 peritorum
326 899 423 964 super
447 892 638 948 testamento
661 882 819 963 qnondam
845 881 986 962 magistri
1001 881 1104 948 Caroli
1122 882 1220 947 llirnli

132 981 346 1047 examinando
369 981 458 1064 juxta
484 980 744 1047 commissionem
771 979 822 1044 dle
852 979 962 1044 martis
991 994 1046 1043 xv·
1076 981 1221 1063 cjnsdem

133 1081 257 1146 mensis
285 1080 427 1146 dominis
453 1079 686 1146 commissoriis
711 1079 827 1143 datam.
859 1077 917 1154 Qui
945 1079 1073 1161 quidem
1102 1083 1222 1148 domini

130 1181 361 1257 commissarii,
383 1197 441 1262 per
462 1197 616 1261 organum
640 1179 782 1261 magistri
806 1179 997 1246 Theudorici
1013 1180 1172 1260 Polmans,
1190 1184 1222 1248 in

131 1282 289 1360 bonnoni
302 1281 460 1362 sequitur,
476 1280 604 1345 modum
618 1280 796 1345 retulerunt
810 1302 817 1342 :
832 1278 916 1360 quod
934 1279 1097 1347 videretur
1110 1301 1223 1364 proce·

132 1381 276 1446 alendum
291 1397 366 1446 esse
389 1391 503 1445 contra
524 1379 801 1444 Armenterianum
815 1378 953 1459 iuridice
969 1397 1075 1446 coram
1092 1381 1223 1448 domino

133 1489 263 1545 rectore
272 1481 361 1560 juxta
374 1480 575 1561 appostillam
588 1480 654 1543 sive
667 1479 856 1543 sententium
873 1479 1075 1545 dominorum
1089 1484 1224 1549 rectoris

133 1589 165 1642 et
189 1579 421 1660 deputatorum
453 1577 688 1642 universitatis.
714 1576 841 1640 Auditis
869 1577 1037 1642 consilium
1065 1581 1127 1659 (alc)
1156 1583 1224 1647 sire

134 1677 292 1743 motivum
316 1677 377 1756 lslcl
402 1675 698 1740 commissariorum
724 1674 1089 1756 sivejurisperitorum3
1117 1682 1226 1762 posuit

132 1776 286 1840 dominus
316 1774 459 1840 decanus
489 1774 520 1836 in
556 1773 841 1839 deliberationibus
878 1775 1093 1856 dominorum,
1123 1788 1155 1844 et
1187 1798 1226 1844 ex

130 1875 326 1942 corumdem
339 1874 543 1939 dominorum
556 1874 840 1939 deliberationibus
849 1871 938 1954 juxta
950 1876 1226 1960 consiliumjurls·

137 1975 316 2054 peritorum
334 1973 572 2055 procedendum
585 1989 660 2038 osse
672 1983 783 2038 contra
800 1975 1075 2040 nrrnenterianum
1089 1975 1227 2058 juridice

138 2089 247 2138 coram
275 2072 407 2137 domiuo
437 2081 563 2137 rectore
589 2071 677 2153 juxto
706 2075 908 2154 appostillam
939 2074 1006 2140 sive
1035 2078 1228 2159 sententiam¹

139 2173 346 2238 dominorum
367 2172 505 2237 rectoris
526 2181 558 2237 et
576 2172 801 2253 deputatorum
824 2173 1047 2238 Utrirersitatis
1073 2193 1130 2256 per
1151 2193 1227 2259 syn·

140 2272 248 2338 dicum
278 2271 450 2348 facultatis
477 2287 548 2335 cum
576 2271 713 2336 consilio
732 2271 991 2353 iurisperitorum
1018 2273 1056 2337 ad
1084 2275 1146 2340 boc
1171 2293 1228 2357 per

141 2371 317 2452 deputatos
333 2369 490 2436 facultatis
505 2380 754 2450 assumptorum.
771 2371 921 2452 expensis
937 2371 1107 2448 facultatis,
1125 2384 1155 2440 et
1167 2377 1230 2440 boc

141 2485 234 2550 quam
266 2469 435 2536 citissime.
463 2469 500 2532 Et
526 2468 574 2533 sic
595 2468 754 2535 conclusit
779 2470 932 2535 decanus.
959 2470 1049 2548 Amr,
1077 2472 1143 2550 Vll,
1172 2473 1227 2539 fol.

141 2567 361 2634 dffimmm

185 2767 243 2831 llic
258 2765 389 2843 sabboti,
407 2767 524 2830 decimo
545 2765 676 2830 octobris
697 2766 788 2842 lblll,
813 2765 932 2832 indicta
950 2767 1009 2833 fuit
1023 2771 1229 2853 congregatio

143 2865 307 2932 facultatis
320 2866 351 2929 in
364 2865 486 2931 sobolis
497 2864 738 2940 artistarum,ad
751 2865 862 2930 boram
874 2875 1018 2931 octavam
1031 2867 1071 2933 de
1085 2885 1228 2935 mane...

143 2965 354 3032 venerabiles
370 2975 402 3030 et
417 2964 536 3048 egregii
552 2964 610 3028 viri
628 2963 748 3028 domini
764 2973 796 3029 ot
807 2964 952 3045 magistri
963 2965 1230 3033 loanneslleems

144 3063 183 3130 de
208 3065 426 3141 armenteria,
454 3065 632 3130 medicinae
657 3065 782 3140 doctor,
810 3068 950 3130 loannes
976 3065 1167 3132 Plansonins
1191 3070 1231 3134 dc

145 3163 265 3240 busco,
278 3163 389 3228 Lilii...
400 3172 558 3245 regentes,
569 3163 828 3246 supplicarunt...
840 3181 897 3246 pro
917 3165 1060 3246 regentia
1075 3175 1107 3230 et
1122 3167 1232 3248 legen·

145 3259 185 3326 tia
200 3262 278 3326 anni
293 3261 460 3343 sequentis
475 3260 688 3340 [tent-ttdtt.
698 3261 807 3336 Quoad
824 3263 1088 3343 supplicationem
1102 3268 1232 3332 Armen-

144 3360 261 3426 teriani
283 3369 316 3426 et
337 3363 454 3438 Dauno,
478 3377 517 3424 ex
542 3359 828 3426 deliberationibus
850 3363 1052 3428 dominorum
1072 3367 1234 3433 conclusit

146 3461 290 3527 decanus
305 3461 456 3527 dominos
477 3461 754 3526 Armenterianum
778 3472 808 3526 et
826 3461 932 3527 [luaco
949 3480 1011 3528 non
1029 3481 1103 3530 essu
1118 3467 1232 3532 admit-

147 3560 286 3635 tendos;
316 3577 420 3643 neque
445 3561 644 3628 admiserunt
673 3561 711 3624 ad
742 3562 915 3642 regentium
946 3573 976 3628 et
1001 3563 1171 3645 legentiam
1201 3566 1233 3631 in

148 3659 328 3742 pedagogio
346 3659 426 3736 lilii,
444 3661 505 3724 nisi
523 3661 659 3742 primum
676 3671 708 3726 et
723 3671 797 3727 ante
811 3662 918 3726 onrnia
934 3680 1042 3728 coram
1060 3666 1186 3730 notario
1201 3676 1233 3732 et

148 3759 300 3833 testibus,
327 3767 422 3841 atque
447 3761 570 3826 decano
596 3771 628 3826 et
649 3760 810 3841 deputatis
837 3761 995 3827 facultatis
1010 3763 1185 3842 declarent,
1203 3775 1235 3831 et

150 3857 285 3938 quilibet
310 3873 422 3923 eornm
448 3858 600 3934 declaret,
614 3859 789 3940 regendam
814 3867 846 3924 et
871 3861 1041 3942 legentium
1067 3863 1236 3946 pedagogii

150 3955 222 4020 Lilii
243 3957 343 4039 pleno
359 3956 429 4036 jnre
449 3966 596 4039 spectare
617 3958 654 4022 ad
681 3958 862 4023 facultatem
884 3959 1012 4037 artium,
1037 3962 1079 4024 ita
1101 3963 1187 4042 quod
1203 3963 1236 4027 in

149 4065 333 4137 postestate
349 4053 446 4120 libera
461 4057 620 4121 facultatis
643 4057 686 4121 sit
708 4065 851 4138 petentes
866 4059 1040 4140 regendam
1055 4071 1110 4126 ant
1127 4062 1235 4144 legen-

150 4155 227 4220 tiam
241 4155 414 4220 admittere
427 4156 476 4220 rel
500 4171 563 4221 noo
578 4155 757 4233 admittere,
774 4167 805 4222 et
820 4158 982 4224 admissos
998 4175 1057 4242 pro
1073 4178 1133 4226 suo
1148 4161 1235 4226 arbi-

153 4253 216 4324 trio
230 4255 399 4339 deponere
413 4263 443 4322 et
457 4255 697 4326 annotarem
712 4273 800 4340 casu,
810 4275 873 4346 quo
885 4257 959 4328 dicti
972 4260 1237 4336 nrmcaterlauua
