3158 4952
730 397 915 463 ..354-

275 578 429 660 magistro
437 577 531 643 Petro
547 577 580 641 in
597 577 660 642 frno
676 578 751 643 noni
766 577 841 642 3331
858 575 1036 644 contractui
1052 574 1248 651 renuntiare,
1259 574 1367 657 predi·

275 677 378 741 cendo
395 677 456 741 boc
467 677 572 756 ipsum
590 693 655 740 uno
668 676 775 742 medio
791 685 962 741 33333313
976 674 1162 740 1133313331
1178 691 1235 739 seu
1249 673 1367 738 decimi

276 774 379 840 octavi
396 775 483 838 3331.

319 877 355 941 Et
370 876 455 958 quod
479 876 520 942 de
535 875 679 957 quolibet
702 876 861 942 dictorum
880 875 1062 942 octodecim
1085 891 1242 940 annorum
1265 874 1368 940 solvet

276 975 417 1041 facultati
441 992 499 1056 pro
523 993 581 1040 usu
609 986 641 1040 31
665 974 789 1056 locagio
816 976 932 1040 domus
957 973 1176 1056 pedagogialis
1202 989 1273 1038 cum
1296 971 1370 1036 31113

275 1074 425 1138 domibus
450 1074 489 1138 ad
517 1075 647 1138 domurn
678 1075 920 1156 pedagogialem
950 1072 1185 1153 pcrtinentibus
1209 1072 1370 1137 ducentos

276 1171 419 1237 florenos
440 1171 563 1247 Caroli3
591 1171 632 1236 de
655 1182 746 1236 etex
770 1173 887 1252 quibus
913 1171 1063 1236 ducentis
1085 1169 1238 1235 carolinis
1263 1171 1371 1234 dictus

277 1271 430 1352 magister
455 1269 570 1335 Petrus
596 1271 700 1335 solvet
725 1287 823 1336 onera
849 1271 890 1335 de
916 1269 1012 1334 dictis
1038 1269 1189 1333 domibus
1218 1258 1364 1333 33333113

276 1367 476 1449 temporibus
492 1368 622 1445 debitis,
640 1369 683 1433 ita
699 1369 785 1450 quod
803 1369 936 1433 facultas
956 1376 1087 1449 propter
1102 1367 1261 1432 defectum
1277 1366 1364 1430 solu-

277 1466 375 1531 tionis
398 1467 582 1548 huJ'usmodi
601 1483 735 1532 onerum
761 1484 824 1531 non
841 1467 978 1547 patiatur
1002 1467 1101 1530 ullum
1118 1467 1291 1546 dampnum
1314 1475 1368 1528 331

276 1583 445 1646 expensas.
472 1567 648 1632 Residuum
671 1584 748 1631 vero
776 1567 988 1631 ducentorum
1012 1565 1197 1630 renensium
1224 1564 1366 1647 quolibet

276 1681 362 1730 anno
383 1666 564 1731 numerabit
580 1665 733 1742 facultati,
751 1666 841 1730 salvo
858 1665 954 1746 quod,
972 1665 1123 1746 quamdiu
1142 1681 1278 1745 presens
1301 1663 1366 1728 bel-

278 1765 341 1828 lum
358 1765 471 1828 barum
489 1763 663 1847 patriarum
679 1781 751 1828 cnm
767 1764 866 1828 Gallis
882 1763 1022 1840 durabit,
1040 1763 1190 1828 33133113
1208 1762 1272 1827 tine
1292 1762 1365 1826 3331

278 1879 336 1928 333
354 1879 524 1938 annorum,
541 1879 559 1927 a
574 1865 647 1927 data
665 1865 875 1943 presentium,
895 1862 1113 1928 tantummodo
1129 1862 1271 1926 facultati
1294 1877 1368 1926 cen-

279 1970 344 2025 tnm
372 1973 404 2026 31
430 1961 659 2042 quinquaginta
688 1960 831 2026 florenos
858 1977 1013 2026 renenses
1043 1960 1083 2024 ad
1113 1959 1368 2025 succurrendum

280 2058 370 2123 initia
396 2058 467 2141 (sic)
494 2057 637 2141 regentia
663 2076 733 2124 sue.
761 2059 829 2135 Que
855 2061 955 2140 gratia
984 2075 1046 2124 non
1074 2059 1263 2124 extendetur
1289 2057 1369 2122 ultra

282 2156 378 2222 finem
394 2157 482 2234 anni,
506 2157 538 2220 in
560 2175 624 2238 333
641 2159 769 2239 quidcm
792 2174 877 2222 anno
894 2157 975 2222 forte
999 2174 1059 2238 333
1077 2165 1290 2238 componetur
1311 2173 1369 2221 seu

283 2255 425 2320 inducie.

326 2353 504 2430 Postremo,
522 2354 607 2435 33331
628 2355 780 2437 magister
804 2355 960 2436 suscipiet
983 2355 1144 2436 predictas
1160 2354 1275 2419 domos
1298 2369 1372 2418 curn

283 2452 353 2516 suis
377 2453 579 2533 pertinentiis
602 2455 705 2535 spatio
729 2453 887 2518 dictorum
911 2470 1068 2518 annorum
1096 2453 1155 2518 sub
1179 2452 1371 2518 conditioni·

283 2550 356 2626 bus,
373 2551 491 2632 quibus
508 2551 725 2617 conductores
749 2552 788 2615 ab
804 2552 1022 2617 elocatonbus
1037 2552 1144 2616 solent
1158 2552 1274 2617 domos
1293 2566 1371 2615 con-

284 2648 381 2714 ducto
410 2651 565 2731 recipere,
594 2667 666 2715 curn
692 2667 730 2715 33
755 2667 909 2731 33333333
936 2652 1164 2727 declaratione,
1188 2651 1273 2732 33331
1301 2666 1372 2731 pre-

285 2748 392 2814 dictus
419 2750 572 2832 magister
600 2751 712 2815 Petrus
738 2750 835 2816 debet
855 2767 986 2815 servare
1004 2767 1063 2816 suo
1091 2751 1235 2831 periculo
1259 2765 1372 2814 omnes

285 2845 444 2912 fenestras
455 2851 573 2913 vitreas
590 2849 742 2931 integras,
758 2859 789 2914 et
804 2849 852 2914 sic
868 2850 1004 2926 munire,
1020 2859 1054 2914 ut
1068 2866 1182 2914 omnes
1199 2849 1372 2914 reddantur

284 2945 409 3026 integre
432 2947 463 3010 in
487 2948 550 3012 frno
572 2948 686 3012 decimi
709 2949 814 3012 octavi
836 2957 889 3013 aut
912 2949 986 3012 noni
1009 2948 1156 3022 anni;ea
1176 2958 1372 3028 autemnon

286 3061 343 3126 per
360 3047 511 3111 malitiam
525 3056 557 3112 31
574 3048 745 3112 notabilem
766 3064 935 3112 excessum
951 3063 969 3110 a
984 3047 1153 3128 discipulis
1172 3049 1371 3128 frangantur,

285 3143 484 3208 restituenda
508 3156 540 3210 et
555 3145 732 3225 reparanda
756 3161 830 3210 3333
847 3163 904 3226 333
927 3155 1102 3226 regentem,
1120 3162 1156 3211 33
1177 3155 1294 3220 autem,
1311 3161 1373 3226 333

285 3256 361 3305 3333
378 3251 432 3306 331
448 3251 593 3324 tempore
609 3252 766 3320 teruntur,
786 3261 842 3325 per
859 3245 1052 3309 facultatem.

326 3339 364 3403 Et
386 3341 490 3421 333331
517 3343 672 3422 33331333
695 3342 802 3406 omnia
828 3353 860 3407 31
886 3343 1012 3423 singula
1038 3341 1239 3422 adimplenda
1267 3348 1374 3421 partes

285 3437 436 3502 hincinde
458 3456 532 3505 3333
553 3450 675 3516 rnutuo,
700 3449 731 3505 31
753 3442 859 3506 omnia
883 3451 915 3506 31
937 3442 1062 3522 singula
1085 3441 1168 3505 bona
1191 3439 1320 3504 mobilia
1342 3447 1373 3502 31

285 3536 472 3612 immobilia,
492 3540 654 3619 presentia
669 3550 701 3605 31
718 3541 836 3616 131333,
853 3541 1006 3622 obligant,
1020 3549 1081 3604 ctc.

328 3637 429 3716 Super
451 3639 569 3718 quibus
592 3649 654 3704 etc.
672 3641 879 3720 presentibus
902 3639 1046 3714 lovanii,
1066 3640 1099 3702 in
1121 3655 1248 3704 camera
1271 3636 1374 3716 scrip·

286 3735 527 3898 :ofiai3loaglpc
549 3737 692 3803 Wamcle
714 3746 745 3803 31
770 3739 914 3804 Rornano
918 3785 995 3813 ......
1013 3739 1160 3804 testibus.
1178 3738 1269 3810 3333,
1289 3734 1371 3807 11111,

296 3835 341 3898 ’0.
415 3846 460 3897 r0-
517 3847 557 3899 r⁰.

331 3983 387 4045 1113
401 3985 492 4062 jout'c,
511 4003 534 4047 3
555 3987 668 4048 3131313
690 3985 820 4050 octobrio
837 3987 928 4061 todo,
947 3985 1065 4050 indicta
1088 3985 1146 4048 fuit
1167 3981 1374 4064 congregatio

287 4077 446 4146 facultatis
469 4082 501 4146 13
518 4083 615 4148 rubea
639 4100 765 4148 camera
781 4086 897 4149 domus
921 4084 1092 4157 facultatis,
1110 4083 1189 4148 bora
1204 4090 1318 4146 octava
1333 4081 1373 4144 de

287 4194 381 4245 mane
385 4225 448 4244 .....
467 4181 637 4262 Proposuit
659 4183 809 4248 dominus
831 4184 973 4247 decanus
997 4181 1136 4246 facultati
1159 4181 1199 4244 de
1217 4179 1374 4245 studoriis
