3158 4952
728 491 768 506 -
792 451 915 522 edb-

276 642 437 724 dicioris,
455 641 537 724 xxvij
555 642 677 708 mensis
693 641 816 719 ultima,
834 643 919 709 inter
933 645 1176 711 commissarios
1199 653 1229 712 et
1246 647 1366 728 magis-

278 751 361 808 trum
383 741 561 806 iohannem
577 739 682 806 Coecx
705 741 745 807 de
761 741 949 818 Rietboven,
967 744 1065 809 variis
1088 744 1180 810 iactis
1196 745 1366 811 conieren-

277 842 342 916 tiis,
360 842 486 907 tandem
514 858 572 921 per
587 842 719 906 eosdem
744 850 934 924 conceptam
957 852 990 908 et
1004 843 1127 908 initam.
1145 843 1211 918 Qua
1230 845 1366 912 ,iectast

275 940 434 1022 exposita,
452 941 615 1021 predictus
637 940 787 1007 dominus
813 941 954 1006 decanus
970 943 1007 1021 lli
1027 960 1085 1023 pro
1105 944 1247 1026 regentia
1269 945 1366 1024 peda-

276 1040 362 1122 gogii
388 1038 537 1103 Falconis
563 1039 804 1119 supplicaturus
831 1041 1010 1106 descendit.
1038 1043 1106 1118 Quo
1132 1043 1361 1116 descendente,

183 1147 185 1154 '
276 1139 462 1204 cathedram
477 1138 628 1220 magister
640 1138 840 1204 Guilbelmus
851 1141 968 1221 Lupus,
983 1141 1208 1216 vicedecanus,
1219 1141 1366 1206 ascendit

277 1237 445 1302 auditurus
462 1237 537 1302 dicti
564 1237 685 1302 domini
701 1238 814 1302 decani
838 1238 1119 1319 supplicationem,
1136 1247 1275 1321 votaque
1297 1240 1366 1305 col-

278 1335 420 1400 lecturus
446 1343 478 1400 et
500 1336 575 1400 inde
597 1337 825 1400 conclusurus.
850 1337 959 1401 Posuit
984 1336 1082 1418 igitur
1106 1337 1257 1402 dominus
1279 1337 1364 1403 vice

277 1434 419 1499 decanus
445 1434 477 1497 in
500 1434 788 1499 deliberationibus
812 1435 1029 1512 dominorum,
1050 1452 1089 1500 an
1112 1437 1276 1516 placerent
1302 1443 1365 1500 tam

277 1541 346 1598 acta
363 1550 456 1614 quam
473 1543 627 1613 concepta
650 1533 840 1609 conventio;
858 1540 889 1598 et
904 1550 943 1598 ex
961 1535 1138 1600 eorundem
1161 1534 1365 1600 dominorum

277 1631 508 1697 deliberatione
523 1648 579 1711 pro
591 1631 702 1712 majori
716 1639 805 1712 parte
821 1632 992 1710 conclusit,
1010 1633 1094 1714 quod
1113 1634 1284 1714 placuit;ac
1299 1634 1367 1698 lau·

173 1779 176 1786 .
276 1732 433 1796 daveruut
448 1739 479 1796 et
493 1731 751 1813 approbaverunt
768 1731 950 1814 hujusmodi
963 1733 1221 1798 conventionem.
1240 1733 1364 1815 Elege-

278 1837 352 1894 runt
381 1830 521 1895 dominis
549 1829 781 1895 commissoriis
801 1831 920 1911 gratias
939 1832 980 1896 de
999 1848 1111 1896 eorum
1130 1831 1306 1914 diligentiis
1332 1843 1364 1898 et

277 1929 443 1993 laboribus
459 1929 490 1991 in
508 1930 569 1994 boc
586 1929 714 2010 negotio
731 1929 835 1994 lactis.

320 2027 504 2108 comparuit
527 2027 557 2089 in
582 2027 663 2091 iaoie
690 2027 848 2092 facultatis
871 2027 1021 2093 dominus
1043 2029 1197 2104 decanus,
1216 2029 1367 2111 magister

278 2125 441 2191 lohannes
469 2126 670 2200 Rietbovius,
698 2127 887 2206 supplicans
916 2127 1038 2192 admitti
1068 2128 1107 2192 ad
1134 2129 1308 2210 regendam
1334 2141 1368 2194 et

279 2225 449 2306 legentium
467 2225 635 2306 pedagogii
652 2224 801 2289 Falconis
818 2242 875 2305 pro
892 2243 928 2290 se
944 2234 975 2291 et
991 2227 1060 2291 suis
1085 2243 1142 2307 per
1157 2244 1230 2291 eum
1247 2227 1368 2292 substi-

280 2324 593 2398 tuendis‚vacantem
608 2341 664 2404 per
681 2324 814 2388 liberam
832 2325 1083 2407 resignationem
1105 2326 1226 2390 domini
1248 2335 1279 2392 et
1301 2343 1367 2391 ma-

279 2422 371 2504 gistri
388 2421 472 2486 Petri
490 2421 728 2503 llorelii,1‘uxta
750 2425 997 2490 conventionem
1020 2440 1093 2488 cum
1116 2425 1256 2491 dominis
1278 2442 1367 2490 com-

282 2522 439 2586 missariis
468 2521 590 2586 initam.
622 2525 691 2596 Quo
721 2524 815 2600 lacto,
840 2523 953 2603 jussus
981 2531 1032 2590 est
1056 2541 1113 2605 per
1138 2524 1366 2590 vicedecanum

279 2621 444 2694 secedere,
471 2629 501 2684 ut
526 2621 556 2684 iu
580 2621 650 2702 ejus
676 2621 820 2685 absentia
843 2621 994 2703 suffragia
1017 2623 1258 2704 colligerentur.
1276 2623 1313 2686 Et
1328 2639 1367 2688 ex

280 2719 489 2799 plurimorum
504 2719 709 2784 dominorum
728 2719 1014 2784 deliberationibus
1037 2729 1069 2784 et
1085 2738 1123 2785 ex
1139 2720 1251 2801 majori
1277 2729 1367 2801 parto

278 2817 401 2882 electus
416 2825 466 2881 est
482 2817 513 2880 in
530 2828 692 2896 regentem
710 2817 878 2899 pedagogii
894 2817 1043 2884 Falconis
1056 2818 1207 2884 dominus
1223 2820 1366 2884 decanus

280 2915 431 2996 magister
452 2915 614 2980 lohannes
636 2915 834 2989 Rietbovius,
849 2925 881 2981 et
902 2917 1066 2982 admissus
1088 2919 1125 2981 ad
1144 2918 1319 2998 regentium
1335 2929 1368 2983 et

279 3015 448 3096 legentiam
473 3015 505 3078 in
522 3015 666 3095 predicto
688 3015 865 3097 pedagogio
888 3015 1035 3082 Falconis
1048 3033 1110 3097 pro
1121 3033 1163 3084 se
1178 3027 1211 3080 et
1225 3016 1293 3082 suis
1310 3033 1368 3098 per

279 3129 352 3178 eum
369 3113 614 3186 substituendis,
628 3113 717 3194 juxta
745 3113 991 3181 conventionem
1018 3131 1091 3180 cum
1118 3115 1257 3180 dominis
1282 3132 1368 3181 com-

281 3211 438 3276 missariis
464 3211 575 3275 initam
602 3229 658 3277 seu
686 3212 813 3286 iactam,
842 3222 873 3278 et
896 3213 984 3294 juata
1014 3221 1142 3278 statuta.
1174 3215 1212 3278 llt
1237 3214 1286 3278 sic
1310 3231 1370 3296 per

280 3310 386 3374 omnia
403 3310 562 3374 conclusit
576 3310 727 3375 domiuus
743 3311 968 3376 vicedecanus.

320 3475 499 3555 Sequuntur
528 3476 741 3538 conventiones
776 3495 830 3540 seu
860 3477 1048 3542 conditiones
1089 3485 1263 3544 contractus
1298 3495 1367 3543 cutn

280 3575 425 3653 muptstro
440 3575 562 3639 lounrtc
579 3573 732 3638 illothario
747 3575 815 3638 initi
829 3593 921 3657 super
935 3577 1075 3656 repentia
1092 3576 1247 3640 Falconis.

321 3719 478 3784 Convenit
510 3720 593 3783 inter
622 3720 771 3785 dominos
801 3721 972 3802 deputatos
1003 3721 1162 3786 lacultatis
1192 3723 1306 3787 artium
1335 3733 1369 3787 et

282 3819 469 3899 magistrum
491 3819 668 3884 iohannem
692 3819 906 3894 llietbovium
924 3838 1017 3886 sacre
1040 3822 1201 3903 theologie
1225 3821 1370 3886 licentia-

282 3926 361 3990 tum,
385 3917 528 3997 eiusdem
551 3917 713 3982 facultatis
735 3919 902 3994 decanum,
926 3937 984 4000 pro
1000 3920 1207 4000 suscipienda
1225 3921 1368 4001 regentia

319 4112 537 4188 (tisamenus,
557 4115 591 4170 de
610 4115 767 4186 Rijthoven,
789 4116 815 4171 le
836 4118 911 4172 futur
930 4115 1037 4188 regent,
1051 4114 1130 4180 eluit,
1150 4125 1166 4172 a
1184 4133 1216 4174 cs
1234 4123 1367 4182 moment,

280 4205 369 4276 doyan
382 4205 416 4260 de
428 4206 456 4259 la
469 4202 570 4260 monite
584 4205 632 4260 des
644 4213 710 4263 ants.
