3202 4948
739 363 924 430 -276—

281 540 432 628 gistratui
458 559 522 616 non
548 551 621 616 ante
646 546 763 628 paruit,
788 563 880 628 quam
908 547 993 618 idem
1020 546 1225 632 magistratus
1251 543 1376 636 scripto

285 649 457 707 testaretur
479 659 527 718 so,
545 659 609 707 non
635 644 676 709 ob
703 644 840 727 aliquam
867 645 1103 728 improbitatem
1126 654 1181 710 aut
1203 643 1374 710 sinistrum

285 755 461 818 rumorem,
478 741 535 808 sed
551 742 625 823 quia
642 745 822 824 praesentis
838 744 994 828 temporis
1016 745 1098 810 ratio
1121 760 1186 808 uon
1211 751 1376 823 pateretur

283 855 358 912 cum
375 849 406 904 et
427 840 615 909 concellitas
636 841 678 909 ibi
703 841 823 908 diutius
847 844 993 920 haerere,
1016 843 1148 910 eosdem
1164 841 1277 926 jubere
1294 841 1376 911 urbe

283 945 318 1004 et
332 939 404 1004 loco
420 939 546 1007 cedere.
571 939 669 1021 Igitur
691 941 835 1021 episcopi
859 942 961 1024 ipsius
986 951 1018 1008 et
1032 940 1226 1008 cathedralis
1241 939 1374 1022 capituli

285 1038 446 1110 tartunam
484 1048 616 1104 secutus
650 1049 746 1122 atquo
772 1039 1058 1124 obtemperandum
1085 1047 1185 1118 ratus,
1212 1053 1272 1104 una
1298 1053 1374 1104 cum

285 1137 367 1218 ipsis
396 1137 678 1219 Audomaropolim
710 1139 864 1216 secessit,
895 1149 1108 1220 receptusque
1144 1137 1176 1209 in
1213 1135 1374 1210 abbatiam

286 1236 388 1301 sancti
405 1237 537 1312 bertini,
554 1237 630 1301 dum
646 1236 713 1302 illic
729 1253 839 1302 sacras
855 1238 978 1303 literas
993 1238 1233 1318 interpretatur,
1250 1250 1376 1300 aerum·

286 1333 337 1400 nis
352 1351 390 1400 aa
405 1334 571 1402 laboribus
586 1337 703 1414 victus,
729 1335 762 1404 iu
783 1337 880 1403 exilio
895 1337 992 1402 ultam
1013 1336 1162 1402 terminat
1176 1349 1262 1400 anuo
1278 1331 1376 1408 labb·

285 1433 306 1495 ‘l
318 1433 406 1516 julli;
432 1444 505 1516 post
531 1445 676 1510 mortem,
705 1453 786 1517 quac
810 1435 951 1501 nondum
974 1435 1169 1510 innotuerat,
1193 1433 1313 1500 Romae
1339 1431 1375 1496 ln

283 1532 426 1599 comitiis
448 1534 653 1616 generalibus
678 1535 710 1599 iu
734 1534 903 1602 Flanrlrlaa
925 1532 1164 1618 provincialem,
1191 1531 1297 1598 donec
1311 1530 1377 1594 alia

286 1631 430 1713 provisio
445 1632 548 1708 lieret,
566 1634 701 1700 electus.

327 1731 362 1795 ln
377 1731 449 1813 eius
465 1748 594 1808 nomon,
612 1734 697 1816 quud
713 1753 734 1798 o
748 1752 855 1816 eampo
871 1743 977 1809 sonat,
991 1743 1023 1800 et
1033 1731 1184 1798 virtutem
1196 1729 1246 1796 sic
1256 1727 1377 1810 aliquis

286 1829 389 1895 lusit:

413 1963 596 2042 Doctrinae,
613 1964 698 2046 libai,
717 1966 848 2040 suadae,
867 1965 1008 2051 piatatis,
1025 1963 1159 2033 honoris

493 2063 642 2130 Nascitur
657 2065 688 2130 in
705 2066 828 2146 campis
843 2065 945 2146 gloria
961 2072 1078 2148 quanta
1093 2062 1175 2138 suis,

413 2161 492 2226 ilinc
507 2181 646 2245 quoque,
662 2165 738 2234 dnm
754 2164 865 2235 Grudii
881 2162 1043 2232 constabit
1058 2162 1140 2231 santa
1157 2159 1267 2241 lycaei.

493 2261 672 2328 lilandriaci
689 2264 777 2328 vives
792 2263 894 2345 gloria
910 2279 1023 2346 magua
1038 2261 1112 2328 soli.

327 2391 417 2456 lllius
432 2400 509 2458 sont
526 2416 533 2458 :

327 2507 359 2575 l.
368 2509 622 2576 tranat-toeniae
634 2512 818 2579 bemcneade
829 2512 885 2579 irae
895 2511 934 2576 dc
944 2509 1107 2592 cruuclrcpt
1119 2510 1151 2572 iu
1163 2508 1221 2572 deur
1232 2505 1376 2572 mensale

281 2625 424 2692 peccaram
439 2610 466 2673 is
481 2611 556 2674 door
570 2614 608 2674 alc
628 2611 734 2688 sunda,
748 2613 825 2676 nude
840 2611 877 2674 dc
891 2610 1073 2690 carloasiupe
1086 2627 1146 2674 von
1161 2609 1232 2675 dien
1244 2607 1319 2670 door
1334 2607 1374 2680 tle

284 2708 455 2873 {argentm
475 2711 685 2874 {3⁸20OEth
704 2710 944 2792 T’Antwerpeu.
964 2709 1006 2792 bij
1025 2705 1207 2774 Cbristoffel
1225 2707 1370 2789 Plantgu.

327 2919 358 2985 ἢ.
375 2922 442 2986 Ean
456 2923 539 2988 cicer
557 2924 563 3002 Ι
580 2925 702 2990 betounlr
716 2928 797 3004 ua[rr]
819 2927 898 3004 ἀεΙη]
918 2923 1103 3006 noraprunclt
1120 2923 1126 3005 Ι
1144 2924 1200 2988 dar
1214 2921 1371 2994 tarteria,

290 3019 356 3086 l'ca
369 3022 419 3086 die
439 3023 622 3088 mentuunt-
642 3025 648 3107 Ι
666 3025 783 3106 diciept
797 3024 850 3088 der
864 3025 985 3091 Sectam.
1007 3025 1072 3088 Vua
1087 3023 1135 3086 alie
1151 3021 1331 3086 tweerlroclt·
1350 3019 1358 3102 Ι

284 3119 397 3200 ticlrcpt
424 3122 472 3186 tile
496 3125 590 3188 muter
614 3125 672 3188 den
694 3125 885 3190 Sectcrissen
907 3141 949 3188 ea.
972 3124 1036 3191 Van
1054 3123 1060 3205 Ι
1078 3123 1128 3188 die
1147 3121 1260 3186 scinde
1274 3120 1374 3198 auide]

282 3217 563 3302 hbeatartijnpte,
593 3223 644 3285 rlic
673 3231 720 3286 tu·
749 3221 936 3305 causaliter
958 3221 1069 3288 Scolon
1098 3223 1124 3286 is
1152 3219 1302 3301 ptesrtiet
1329 3221 1376 3292 int

284 3318 517 3399 Climtnudutm]
549 3320 554 3402 Ι
572 3321 693 3386 eandm
711 3322 788 3389 lore
808 3323 900 3387 dumi
917 3323 975 3401 vij(
993 3320 1122 3384 boucart
1137 3317 1144 3402 Ι
1161 3317 1370 3392 acuentlaicne.

283 3424 332 3494 tut
356 3419 437 3497 utetur]
462 3419 539 3484 Jcre
561 3420 652 3484 doust
671 3421 676 3501 Ι
693 3421 751 3502 vtis
759 3421 887 3487 buumrt
904 3418 1151 3484 aessentzeaticlr.
1171 3417 1178 3500 Ι
1198 3419 1286 3481 licrst
1301 3415 1374 3498 plic-

287 3516 405 3580 mcecltt
430 3521 463 3582 in
490 3519 597 3584 Latine
622 3519 738 3600 lrpdeln]
756 3523 762 3596 Ι
781 3519 1055 3600 merueerctptetu]
1091 3517 1188 3582 Vcder
1213 3518 1246 3580 ira
1275 3516 1372 3590 Gula,

284 3615 359 3686 inu
378 3616 523 3696 Willclm]
543 3616 548 3698 Ι
573 3619 722 3694 Ver-tinae,
736 3619 881 3700 Bisscluop
892 3636 951 3682 oon
969 3617 1175 3688 flammantia,
1192 3615 1289 3696 aalide]
1306 3613 1313 3696 Ι
1331 3633 1374 3678 nrt

287 3715 322 3778 in
336 3719 413 3796 o[n]s
428 3717 678 3784 Neontuurtsrte
691 3719 753 3782 tole
767 3718 907 3799 complic-
926 3717 932 3798 Ι
949 3717 1019 3782 alell
1040 3716 1078 3796 bg
1104 3717 1141 3780 B.
1158 3715 1254 3796 Jocop
1276 3714 1376 3786 ocima

297 3815 385 3880 Vallia
404 3816 409 3897 Ι
428 3817 520 3882 Prior
536 3819 654 3880 concert
677 3819 880 3898 Aupustr‘jnen
899 3815 905 3899 Ι
923 3825 952 3879 tr
973 3815 1124 3898 Brcpplre.
1157 3814 1322 3878 Gbedruct
1346 3822 1377 3887 te

290 3913 440 3996 Bruggbe
459 3915 533 3982 inde
549 3917 670 3984 Pcerde
686 3925 785 3982 strate
803 3920 810 3999 Ι
830 3915 872 3997 bij
889 3933 942 3998 my
964 3915 1069 3983 Pieter
1083 3913 1124 3978 de
1139 3912 1263 3978 Clarcla.
1281 3911 1375 3976 taor.

290 4011 360 4080 vol.
378 4013 410 4077 in
426 4016 459 4078 8ο
476 4015 514 4089 34
530 4027 562 4081 et
577 4016 637 4083 318
654 4017 853 4097 paginarum.

331 4128 362 4194 3.
392 4130 630 4212 Pcropbruaticn
654 4131 661 4215 Ι
683 4134 839 4195 mmrrutio
858 4131 864 4212 Ι
882 4131 1130 4211 Ecunpeliorum,
1156 4147 1219 4211 quc
1246 4145 1333 4192 socru
1351 4127 1359 4200 Ι
