3236 4952
717 471 759 484 -
781 438 841 502 148
862 474 902 484 --

266 617 410 694 bursam,
429 617 545 682 nisiex
563 611 770 700 proventibus
791 621 936 702 ejusdem
952 620 1125 704 quotannis
1146 629 1355 686 reserventur

266 734 325 784 sex
340 735 496 784 renenses
514 735 571 799 pro
587 719 739 784 oneribus
760 719 889 797 domus,
906 730 937 784 et
952 720 1100 785 similiter
1124 737 1180 784 sex
1196 735 1353 784 recenses

265 833 324 898 pro
346 817 441 882 bonis
467 819 693 884 communibus
716 827 777 884 etc.
809 819 1041 893 bumanorum,
1064 819 1206 900 exceptis
1229 818 1350 894 bursis,

263 917 293 982 si
310 933 392 1000 quae
415 917 588 983 tundentur
610 935 669 999 pro
692 918 865 999 nepotibus
888 918 1030 1000 magistri
1058 919 1159 984 nostri
1174 917 1350 994 Michaelis,

263 1025 300 1083 et
322 1034 383 1082 una
405 1028 458 1082 aut
481 1017 619 1094 duabus,
643 1017 671 1082 si
694 1035 776 1099 quae
798 1017 972 1083 inridentur
994 1035 1052 1099 pro
1075 1017 1351 1094 lovaniensibus;

262 1117 320 1199 oui
337 1126 441 1183 tamen
459 1117 652 1183 tenebuntur
664 1119 791 1185 solvere
806 1135 862 1183 sex
879 1135 1034 1184 renenses
1051 1135 1109 1200 pro
1124 1117 1352 1183 communibus

266 1217 361 1283 bonis
375 1218 607 1284 bursariorum.

566 1403 610 1466 De
625 1401 771 1484 qualitate
785 1403 1051 1466 assumendorum.

304 1548 528 1614 assumendus
539 1551 578 1615 ad
592 1550 720 1615 bursam
733 1561 899 1616 vacantem
913 1551 1041 1616 debebit
1052 1566 1127 1615 esse
1143 1565 1205 1613 non
1226 1548 1352 1630 religio-

263 1651 368 1728 sus‚in
381 1652 504 1716 artibus
517 1669 573 1732 per
585 1653 724 1732 rigorem
738 1652 893 1716 examinis
907 1662 1084 1734 promotus,
1094 1650 1201 1715 animo
1213 1650 1349 1714 tendens

264 1751 303 1817 ed
328 1753 555 1829 sacerdotium,
574 1752 611 1815 ad
636 1753 808 1818 discendas
830 1769 941 1817 sacras
958 1753 1077 1818 literas
1099 1751 1180 1816 bene
1198 1751 1349 1824 idoneus,

264 1852 338 1917 etin
356 1852 472 1917 vestitu
489 1869 526 1916 ac
539 1853 694 1921 moribus.
709 1853 791 1917 sicut
808 1852 958 1917 numilem
975 1851 1230 1918 aeclesiasticum
1243 1852 1347 1924 decet,

268 1951 352 2017 bene
364 1952 546 2028 modestus;
560 1951 752 2034 debebitque
763 1962 836 2016 anm
844 1969 934 2017 suam
947 1952 1164 2032 receptionem
1178 1951 1350 2015 semelsal·

268 2057 333 2114 tem
348 2050 377 2112 in
394 2051 495 2115 altero
511 2050 719 2132 collegiorum
734 2051 1000 2132 respondisseil).
1018 2051 1089 2126 Qui,
1105 2051 1273 2131 praelectis
1289 2049 1350 2113 sibi

266 2152 408 2226 statutis,
421 2152 585 2232 promittet
600 2169 635 2217 se
648 2151 758 2216 eadem
775 2163 819 2229 et,
833 2153 858 2217 si
876 2169 957 2234 quac
973 2151 1033 2216 alia
1051 2153 1132 2217 torte
1147 2150 1350 2224 ordinentur,

264 2259 485 2327 servaturum
504 2253 726 2334 tenebiturque
741 2252 918 2317 secundum
941 2252 1176 2317 ordinationem
1192 2248 1352 2314 facultatis

267 2352 306 2416 ad
322 2352 454 2432 gradum
471 2351 706 2418 bacalauriatus
720 2353 914 2434 procedam
932 2362 974 2426 et,
989 2351 1016 2414 si
1033 2359 1106 2414 ante
1121 2352 1207 2414 buno
1218 2348 1351 2431 gradum

265 2460 452 2530 susceptum
480 2452 645 2533 reliquerit
670 2451 852 2533 collegium,
881 2451 994 2532 perdet
1019 2451 1149 2515 bursam
1175 2465 1265 2514 suam
1294 2465 1352 2528 pro

266 2549 431 2616 dimidiato
454 2568 555 2628 anno;
580 2553 620 2618 de
642 2571 706 2634 quo
733 2564 807 2618 ante
830 2569 924 2616 suum
950 2568 1043 2616 suum
1067 2550 1232 2616 introitum
1256 2549 1352 2614 iidem

189 2741 191 2745 ‘
301 2733 340 2804 (i)
360 2735 411 2788 Le·
428 2741 617 2800 responsiones
636 2735 739 2792 etaient
757 2737 805 2791 des
824 2741 899 2790 actes
919 2734 1038 2805 publice.
1053 2733 1206 2787 consistant
1225 2733 1293 2786 dans
1312 2749 1352 2786 un

265 2841 380 2882 examen
395 2843 430 2880 ou
450 2843 505 2880 une
524 2826 634 2882 detonso
653 2828 687 2882 do
703 2828 804 2890 theses,
823 2844 877 2899 que
896 2827 937 2880 les
956 2824 1095 2880 studiants
1114 2824 1148 2878 de
1168 2823 1306 2893 theologie
1323 2828 1352 2877 et

263 2917 311 2971 des
323 2923 417 2971 autres
429 2917 545 2972 facultas
564 2916 668 2974 etaient
680 2917 786 2988 obligas
799 2920 833 2973 de
846 2917 914 2971 faire
927 2917 995 2969 dans
1009 2912 1102 2970 t'leola
1114 2915 1148 2969 de
1163 2916 1223 2968 leur
1237 2913 1350 2979 inculte,

265 3013 350 3062 avant
368 3008 402 3060 de
422 3008 536 3078 pouvoir
555 3013 613 3063 etro
632 3008 721 3062 admis
740 3025 775 3063 su
789 3008 991 3063 baccalaureat.
1009 3029 1022 3052 ι
1035 3005 1188 3060 statuimus
1201 3010 1229 3060 et
1242 3006 1350 3061 ordina·

267 3115 341 3163 mus,
354 3124 367 3144 u
383 3098 473 3152 disent
490 3099 530 3152 les
542 3099 650 3154 &atala
661 3104 800 3165 facultatis
820 3105 967 3166 ibeoloaiae
986 3099 1167 3153 Laeanlensis
1187 3114 1221 3150 en
1240 3099 1353 3168 prescri-

267 3195 334 3244 rant
346 3190 387 3244 ies
401 3187 606 3260 preieminnires
620 3191 712 3262 nequis
726 3208 796 3262 pour
813 3192 839 3246 le
851 3191 937 3260 grado
950 3190 984 3244 de
997 3193 1191 3244 baccalaureus
1203 3205 1303 3244 cursor
1316 3206 1352 3245 ou

268 3285 389 3346 biblicum,
407 3305 420 3326 u
433 3286 464 3335 ut
482 3283 599 3353 quilibet
612 3299 707 3336 sacrae
726 3281 883 3351 theologiae
896 3281 1059 3352 discipulus,
1075 3285 1223 3351 antequam
1242 3281 1276 3334 ad
1295 3281 1353 3335 lec-

270 3396 284 3418 „
300 3377 392 3426 turam
417 3371 588 3443 (cesta-dire
619 3373 653 3426 ad
684 3372 935 3442 baccalaureatum)
968 3371 1120 3426 Bibliorum
1152 3375 1351 3441 praesentetur,

267 3487 280 3508 ··
294 3467 422 3517 teneatur
439 3464 524 3518 semel
544 3464 641 3517 saltem
660 3463 884 3534 respondisse
902 3463 930 3516 in
947 3461 1080 3516 vocontiis
1099 3462 1152 3514 sub
1172 3461 1263 3531 priore
1275 3487 1301 3518 n.
1318 3463 1353 3518 Et

265 3553 335 3606 dans
347 3553 387 3608 les
400 3553 555 3608 conditions
570 3569 638 3622 pour
650 3553 758 3609 obunir
771 3555 798 3608 le
811 3554 896 3624 grado
908 3553 942 3607 de
954 3559 1150 3608 sententiantes
1163 3570 1199 3608 ou
1214 3553 1354 3610 bachelier

266 3643 315 3698 des
324 3643 481 3711 Senianum,
493 3661 529 3698 on
541 3644 574 3698 lit
590 3664 596 3698 ε
614 3669 626 3690 κ
639 3644 793 3700 Statuimus
807 3649 835 3700 et
847 3645 1007 3700 ordinamus
1020 3644 1129 3698 nullum
1142 3661 1235 3698 sacrae
1248 3645 1353 3700 theolo-

268 3761 282 3782 ε
298 3735 361 3805 gine
383 3735 597 3806 discipulum...
626 3753 704 3806 possa
731 3753 779 3807 per
804 3738 906 3792 saltum
928 3736 962 3790 ad
990 3737 1125 3790 lecturam
1149 3737 1353 3791 Sententiarum

216 3845 225 3854 ’
268 3825 452 3897 -promoveri
472 3826 532 3880 sine
552 3827 663 3896 praevia
682 3827 786 3882 lectura
806 3827 970 3890 Bibliorum,
985 3826 1143 3882 visitatione
1162 3827 1310 3881 lectionum
1326 3834 1354 3883 et

265 3942 279 3965 s
296 3917 525 3988 disputationum,
545 3918 762 3988 responsione
781 3919 918 3973 tentoriae
938 3917 1058 3973 secunda
1077 3923 1105 3972 et
1123 3917 1220 3972 ceteris
1240 3918 1274 3972 ad
1296 3919 1354 3972 lee-

269 4038 282 4061 φ
298 4019 388 4066 turam
403 4013 554 4068 Biblioeum
575 4014 741 4083 regulariter
760 4013 901 4085 requisitis
917 4039 942 4067 a.
959 4014 1010 4068 Les
1028 4012 1159 4084 &preuves
1179 4013 1227 4066 des
1240 4023 1352 4068 senten-

266 4109 345 4156 ilarii
363 4103 502 4174 portaient
519 4121 567 4158 sur
586 4105 626 4158 les
646 4105 716 4158 deni.
737 4103 870 4176 premiere
889 4103 970 4159 lirres
990 4105 1038 4159 des
1051 4103 1198 4159 Senteneas
1211 4104 1245 4159 de
1259 4103 1355 4159 Pierre

265 4191 413 4250 Lambard.
