3130 4956
659 451 842 524 ,ppp-

204 647 279 704 urite
308 638 485 714 meridiem,
512 637 630 706 indicta
657 641 713 706 fuit
737 642 899 722 deputatio
922 641 1080 707 facultatis
1105 639 1231 718 artium,
1248 637 1280 708 iu

204 738 304 804 rubea
319 755 444 803 camera
457 740 572 804 domus
588 739 689 821 ipsius
701 740 870 820 facultatis,
881 741 919 806 ad
933 741 1170 808 deliberandum
1186 759 1282 823 super

202 838 416 919 sequentibus
431 838 574 904 articulis
592 859 598 899 :

246 937 384 1010 Primus,
411 938 485 1020 quia
516 955 633 1020 regens
662 938 829 1021 pedagogii
859 939 928 1004 billi
958 940 1086 1004 domum
1117 939 1282 1022 pedagogi

203 1046 375 1117 acceptare
401 1037 549 1112 uoluerit,
579 1037 639 1103 nisi
667 1039 757 1119 prius
784 1038 986 1120 perjuratus
1012 1038 1146 1119 opifices
1174 1039 1282 1120 oppidi

204 1135 331 1217 singula
357 1135 481 1200 edificia
509 1136 634 1200 visitata
661 1137 821 1212 furenter
846 1146 1024 1212 constaret,
1053 1137 1085 1201 in
1111 1155 1174 1218 quo
1199 1145 1282 1202 statu

204 1250 322 1315 regens
342 1251 410 1298 eam
435 1235 564 1299 domum
587 1236 771 1309 invenisset,
791 1243 823 1300 ut
845 1252 908 1301 non
933 1236 1138 1316 imposterum
1153 1236 1221 1318 eius
1237 1236 1283 1299 in-

204 1333 293 1398 curia
307 1332 423 1397 domus
435 1333 785 1410 labefactatedicantur,
796 1352 857 1415 que
871 1334 1038 1414 plurimum
1064 1341 1138 1398 sunt
1154 1334 1284 1399 ruinose

204 1449 264 1496 occ
280 1431 346 1497 ullo
363 1441 465 1513 pactu,
477 1441 510 1498 ut
525 1433 633 1497 dicunt
647 1433 792 1513 opifices,
808 1433 1045 1508 instaurabites,
1059 1432 1121 1498 sed
1132 1432 1282 1514 quicquid

203 1529 236 1594 in
252 1531 302 1596 eis
317 1532 508 1605 insumatur,
519 1531 549 1596 id
567 1531 690 1610 peribit,
702 1548 761 1596 nec
776 1532 845 1611 ipse
861 1547 975 1614 regens
991 1547 1045 1596 eas
1058 1531 1282 1595 instaurandas

204 1629 373 1710 suscipere
388 1629 499 1704 voluit,
517 1629 573 1694 sed
596 1629 686 1705 alias,
704 1647 765 1711 que
788 1630 892 1695 adbuc
914 1629 1020 1710 aliquo
1041 1629 1134 1695 modo
1151 1629 1283 1694 stabiles

205 1738 292 1800 sunt,
317 1727 350 1790 in
376 1743 415 1792 eo
441 1736 525 1792 statu
551 1727 745 1792 intertenere
772 1736 900 1809 paratus
924 1737 983 1803 est,
1009 1729 1040 1792 in
1063 1745 1126 1808 quo
1150 1728 1281 1798 invenit,

204 1836 355 1907 corrupta
379 1837 483 1891 tamen
507 1836 674 1908 antequam
698 1828 887 1908 susciperet,
905 1828 974 1892 suis
990 1827 1143 1908 impensis
1159 1835 1282 1891 restau-

204 1943 277 1990 rare
300 1943 364 1990 non
390 1926 469 2002 vult,
492 1928 548 1990 sed
570 1943 608 1990 ca
630 1926 701 1990 aliis
717 1927 871 2006 impensis
887 1927 1093 1992 instauranda
1116 1935 1222 2007 putat,·
1239 1925 1282 1990 id·
1319 1939 1321 1941 ·

205 2026 293 2091 circo
317 2026 480 2106 proposita
506 2033 555 2091 est
574 2025 713 2091 visitatio
736 2026 894 2107 deputatis
912 2027 950 2090 ad
974 2025 1225 2098 deliberandum,
1243 2040 1282 2088 an

205 2125 355 2206 expediat
369 2124 594 2190 executoribus
610 2124 729 2188 domini
748 2125 890 2190 doctoris
912 2125 1156 2198 Armcoteriani,
1176 2141 1283 2204 prece-

204 2223 318 2288 dentis·
330 2224 470 2305 regentis
487 2223 567 2299 tilii,
585 2235 801 2290 remonstrare
817 2232 933 2288 statum
951 2223 1090 2303 predicte
1106 2223 1232 2296 domus,
1250 2222 1282 2285 in
1359 2225 1366 2239 '

205 2339 268 2404 quo
295 2323 367 2403 ipse
392 2339 462 2388 eam
482 2321 620 2403 reliquit,
637 2323 748 2402 eisquc
771 2323 943 2403 predictam
967 2321 1180 2386 visitationem
1196 2321 1282 2386 exbi-

205 2421 292 2494 bcre‚
312 2431 346 2485 ut
362 2421 410 2484 vel
427 2421 604 2502 approbent
625 2422 673 2486 vel
697 2437 765 2485 eam
790 2421 980 2506 improbent,
999 2437 1062 2501 ouo
1079 2421 1164 2484 salva
1182 2421 1283 2501 possit

206 2519 371 2600 magistris
391 2519 507 2584 domus
531 2530 563 2584 et
583 2519 777 2600 pauperibus
799 2536 964 2584 remanere
986 2529 1057 2583 actu
1081 2519 1112 2584 in
1128 2519 1210 2584 bona
1225 2519 1283 2582 br·

205 2617 395 2682 menterioni
422 2623 552 2698 propter
577 2635 641 2682 noo
669 2617 926 2684 interfectionem
953 2617 1067 2682 domus
1095 2633 1183 2682 mure
1205 2615 1281 2682 boni

206 2715 444 2796 patrisfamilias
456 2715 506 2794 ll).

246 2815 414 2879 Secundus
441 2815 594 2879 articulus
622 2824 690 2880 erat
718 2815 755 2879 ad
786 2815 1024 2880 deliberandum
1055 2815 1095 2879 de
1122 2813 1282 2894 stipendio

204 2913 311 2978 dando
326 2913 452 2978 docturi
468 2914 630 2978 Wulmaro
648 2913 802 2978 Bernaert
816 2924 847 2978 et
866 2914 995 2978 domino
1014 2914 1138 2979 doctori
1154 2913 1282 2978 Elberto

205 3012 363 3086 leonino,
375 3013 542 3095 utriusque
554 3013 637 3095 juris
652 3013 848 3086 ductoribus,
859 3014 978 3078 decano
995 3012 1154 3076 facultatis
1169 3012 1281 3076 artium

203 3123 236 3175 et
250 3113 322 3176 aliis
339 3113 501 3192 deputatis
515 3112 674 3176 facultatis
696 3113 733 3176 ad
758 3113 991 3178 sollicitandum
1015 3127 1144 3176 causam
1166 3127 1282 3191 paupe-

203 3227 275 3274 rum
303 3222 334 3275 ct
366 3210 588 3292 magistrorum
620 3212 784 3293 pedagogii
811 3211 881 3276 Lilii
907 3229 1005 3292 super
1032 3212 1283 3291 proprietatem
1382 3207 1384 3211 ’

201 3309 346 3390 regentia
370 3319 401 3373 et
420 3309 493 3372 aliis
508 3309 662 3374 connexis
677 3309 819 3390 ejusdem
836 3310 950 3374 domus
965 3321 1076 3374 contra
1092 3319 1281 3374 executores

201 3408 326 3472 domini
342 3408 503 3488 quotidam
514 3407 758 3482 Armenteriani,
776 3413 927 3489 regentis,
945 3410 1019 3473 dum
1034 3409 1167 3481 viveret,
1186 3409 1280 3488 peda-

200 3508 288 3589 gogii
307 3507 389 3570 lilii.
407 3507 509 3588 Super
531 3524 594 3588 quo
617 3508 751 3573 articulo
774 3508 990 3573 deliberarunt
1006 3508 1125 3574 domini
1141 3508 1280 3588 deputati

199 3609 335 3674 domino
354 3607 479 3672 doctori
495 3605 656 3671 Wulmaro
672 3607 809 3672 dandum
826 3624 900 3672 esse
917 3624 974 3688 pro
990 3609 1060 3672 suis
1076 3607 1238 3672 laboribus
1251 3615 1281 3671 et

201 3707 362 3772 molestiis
391 3705 424 3768 in
456 3707 516 3770 boc
545 3706 674 3787 negotio
704 3706 882 3787 susceptis',
914 3723 994 3787 quas
1028 3707 1140 3786 partim
1171 3723 1280 3771 amore

200 3805 384 3888 pedagogii,
400 3807 430 3867 in
447 3821 508 3886 quo
522 3815 688 3886 promotus
703 3805 819 3880 fuerat,
833 3805 942 3870 subire
957 3823 993 3871 se
1008 3805 1174 3879 fatebatur,
1186 3819 1280 3870 unam

198 3906 315 3970 libram
339 3903 497 3970 flandrie.
520 3903 655 3968 Domino
678 3903 801 3968 doctori
824 3903 966 3978 Elberto,
990 3905 1062 3983 quia
1086 3904 1157 3985 plus
1174 3911 1204 3968 at
1218 3905 1280 3970 fre-

238 4121 280 4189 (1)
300 4115 356 4176 Iaca
368 4117 446 4172 Actes
462 4115 626 4188 u'iudiquant
645 4134 690 4188 pas
713 4114 738 4170 la
759 4113 902 4172 resolution
915 4119 960 4188 qui
975 4115 1015 4173 iul
1029 4117 1107 4188 prisc.
1125 4115 1201 4172 llari
1221 4133 1278 4189 pro·

198 4207 277 4268 astte
287 4207 370 4281 qu'oa
383 4213 479 4281 adopta
492 4207 517 4264 la
529 4206 692 4280 proposition
705 4205 738 4266 dc
752 4223 869 4266 summer
882 4204 927 4264 des
940 4215 1056 4284 experta.
1279 4233 1281 4236 ·
