3248 4954
749 391 912 454 ..86-

253 569 255 574 ’
287 585 397 635 sorum
414 577 446 633 et
459 579 625 650 parentum
637 579 692 634 ant
707 570 882 636 amicorum
895 587 1028 636 suorum
1042 571 1227 653 gravamine
1239 571 1377 637 honeste

287 666 395 733 vivere
414 667 549 746 possint.

328 765 454 844 Quinto.
473 765 587 830 Utviri
613 766 808 834 excellentes
836 768 873 831 ad
904 768 1064 848 praedicta
1093 768 1200 833 munia
1228 767 1376 832 obeunda

269 861 390 945 “magis
407 865 589 940 incitentur,
606 865 743 941 videtur,
767 867 852 948 quod
878 877 1028 949 poterunt
1050 867 1192 949 gaudere
1209 883 1285 949 prae
1304 866 1377 930 aliis

288 963 464 1046 privilegiis
481 964 618 1029 facultati
634 965 749 1028 artium
766 965 946 1042 concessis,
960 965 1025 1030 imo
1037 967 1131 1031 ctiam
1145 966 1183 1030 ad
1204 965 1376 1031 concilium

289 1063 472 1142 praedictae
488 1062 648 1127 facultatis
664 1061 757 1127 facile
775 1063 910 1128 admitti.

329 1158 434 1225 Sexto.
464 1159 606 1234 Videtur,
635 1162 719 1242 quod
749 1161 913 1240 praedicto
940 1163 1062 1244 regenti
1094 1163 1213 1241 poterit
1242 1161 1375 1241 insuper

290 1259 450 1340 provideri
467 1260 507 1324 de
524 1259 685 1341 praedicta
704 1259 828 1340 publica
845 1260 984 1326 lectione
999 1260 1134 1335 etbices,
1152 1270 1183 1326 et
1198 1260 1377 1342 professori

289 1357 469 1423 rhetoricae
485 1358 525 1422 de
542 1357 704 1437 praedicta
721 1359 860 1423 lectione
875 1359 1005 1442 publica
1029 1359 1229 1434 rhetoricae;
1252 1359 1378 1423 ratione

288 1474 422 1537 quarum
443 1457 616 1522 lectionum
644 1465 739 1522 erunt
764 1456 804 1522 da
830 1458 969 1524 concilio
986 1457 1157 1530 facultatis.
1182 1467 1225 1532 et,
1251 1458 1378 1540 expleto

279 1557 455 1630 sexennio,
484 1555 669 1637 gaudebunt
696 1555 960 1622 extraordinariis
983 1556 1160 1638 privilegiis
1184 1556 1378 1621 nominatio-

289 1671 377 1728 num,
396 1663 506 1736 utpote
522 1654 617 1718 fnturi
636 1654 719 1719 inter
736 1654 869 1735 primos.

331 1755 479 1836 Septimo.
498 1754 628 1818 Videtur
644 1753 815 1835 collegium
833 1753 909 1818 illud
926 1754 1100 1818 dotandum
1124 1771 1181 1836 per
1197 1754 1379 1819 translatio-

291 1868 363 1918 nem
381 1852 548 1916 bursarum
567 1853 597 1914 in
615 1851 713 1916 variis
729 1852 915 1934 pedagogiis
930 1861 985 1918 aut
1006 1851 1152 1934 collegiis
1175 1852 1378 1919 fundatarum

292 1949 323 2012 in
341 1950 545 2016 commodum
563 1949 783 2014 studiosorum
800 1951 991 2016 litterarum.

333 2048 459 2112 Octauo.
477 2053 537 2114 Pro
556 2047 665 2130 majori
684 2049 887 2130 promotione
910 2050 1133 2132 professorum
1155 2049 1232 2116 dicti
1248 2049 1377 2131 collegii

291 2146 417 2212 videtur
431 2147 572 2230 roganda
590 2163 682 2212 sacra
706 2147 841 2213 facultas
864 2149 1056 2232 theologica,
1076 2157 1110 2214 uf
1125 2149 1290 2232 dispenset
1305 2165 1379 2213 cum

290 2245 367 2320 illis,
385 2247 497 2312 saltem
514 2247 545 2310 in
569 2247 715 2329 rigorosa
742 2247 998 2329 frequentatione
1024 2247 1195 2314 lectionum
1218 2259 1250 2314 et
1271 2247 1379 2328 dispu-

292 2345 446 2409 tationum
462 2347 492 2408 in
509 2345 623 2410 ordine
650 2345 687 2409 ad
715 2345 835 2426 gradus
861 2345 892 2409 in
922 2347 1082 2427 praedicta
1106 2346 1255 2412 facultate
1277 2345 1379 2411 susci·

282 2442 444 2522 'piendos;
474 2445 561 2517 item,
592 2444 801 2524 utdignetur
822 2445 855 2508 in
879 2445 1052 2511 collatione
1067 2445 1236 2510 bursarum
1259 2445 1380 2510 liberae

291 2541 472 2607 collationis
494 2544 675 2608 concedere
700 2543 943 2623 praeferendam
968 2543 1043 2619 illis,
1071 2544 1124 2625 qui
1153 2544 1182 2606 in
1211 2543 1377 2624 praedicto

291 2639 428 2722 collegio
444 2641 636 2715 studuerint,
657 2641 770 2706 saltem
788 2643 905 2706 ceteris
922 2642 1066 2723 paribus.

331 2741 432 2805 Nono.
457 2741 598 2816 Videtur,
628 2741 711 2824 quod
732 2758 790 2822 pro
814 2741 946 2807 faciliori
971 2742 1046 2806 dicti
1069 2741 1196 2824 collegii
1220 2757 1376 2806 successu

292 2841 429 2905 studiosi
453 2841 589 2905 docendi
614 2841 679 2904 sint
703 2841 769 2904 fere
792 2841 891 2922 gratis
914 2847 945 2905 et
967 2839 1038 2905 sine
1065 2840 1138 2904 ullis
1161 2839 1381 2904 exactionibus

291 2955 494 3020 quocumque
510 2947 684 3020 praetexto.

334 3037 465 3100 Decimo.
478 3037 617 3111 Videtur,
632 3039 729 3119 quod,
744 3046 817 3102 ante
829 3037 1021 3102 erectionem
1035 3037 1112 3100 dicti
1127 3035 1268 3118 collegii,
1285 3053 1378 3101 erec·

293 3135 337 3200 tio
360 3135 503 3216 ejusdem
534 3137 637 3201 futura
665 3135 707 3199 sit
730 3135 919 3215 publicanda
945 3151 1001 3216 per
1025 3135 1290 3217 circumjacentes
1316 3134 1382 3200 late

292 3233 450 3308 civitates,
470 3243 502 3298 ut
517 3235 599 3300 liber
614 3234 707 3299 delur
723 3251 904 3300 correursus
920 3235 1080 3308 omnibus,
1099 3235 1152 3316 qui
1169 3251 1205 3298 se
1220 3233 1252 3296 in
1269 3249 1380 3315 regen-

292 3341 355 3398 tem
372 3343 425 3397 aut
441 3333 658 3415 professorem
682 3332 759 3398 dicti
785 3333 911 3414 collegii
930 3342 1135 3414 praesentare
1151 3333 1270 3398 volent.
1288 3332 1379 3406 Quod

293 3431 386 3496 etiam
402 3431 530 3497 ridetur
545 3431 738 3508 faciendum,
756 3433 1023 3514 quandocumque
1045 3440 1208 3512 regentem
1233 3441 1287 3495 aut
1303 3446 1380 3512 pro-

292 3530 450 3596 fessorem
469 3530 620 3610 praedicti
638 3530 764 3612 collegii
781 3547 895 3595 vacare
911 3533 1088 3612 continget.

443 3731 608 3787 Deliberabo
626 3739 820 3797 praefatorum
841 3737 1020 3787 dominorum
1038 3737 1224 3798 provisorum.

336 3901 492 3968 Praedicti
510 3902 724 3985 professores,
741 3903 846 3967 babila
862 3904 1003 3983 desuper·
1028 3901 1262 3978 deliberatione
1275 3901 1380 3965 serio-

292 4015 354 4078 que
380 4001 568 4066 examinatis
593 4002 696 4066 tribus
729 4001 805 4076 illis,
835 4017 916 4082 quae
941 4017 1001 4065 suo
1024 4000 1162 4079 collegio
1182 3998 1382 4064 successivis

291 4100 491 4178 temporibus
507 4109 726 4175 accesserunt,
742 4100 993 4173 formationibus,
1007 4099 1159 4164 videlicet
1173 4098 1381 4164 dominorum
