3202 4948
701 424 886 488 -891-

246 611 310 678 vol.
327 609 412 674 in-8o
433 608 494 672 399
509 618 541 674 et
557 609 574 670 t
591 605 792 687 paginarum.
817 605 898 671 Huic
912 608 1070 690 opusculo
1091 608 1169 673 nihil
1195 609 1336 691 amplius

248 708 446 790 respondere
471 715 607 772 conatus
622 713 673 770 est
687 704 904 769 adversarius.

288 859 455 938 Gregorius
481 857 544 918 Van
562 853 778 931 6006100606,
798 871 910 920 sacrae
934 856 1113 939 theologiae
1137 857 1332 936 licentiatus,

247 957 357 1022 docuit
379 972 504 1020 sacram
521 953 714 1035 theologiam
738 955 820 1035 apud
843 971 922 1019 suos
938 954 1068 1019 Luranii
1091 956 1130 1021 ab
1146 973 1231 1022 anno
1255 957 1336 1022 1616

250 1056 287 1120 ad
307 1055 398 1119 ldil.

292 1205 443 1268 Hernicus
467 1201 641 1268 Bellemuns
667 1199 726 1265 luit
755 1215 867 1267 sacrae
895 1202 1076 1284 theologiae
1103 1203 1271 1282 professor
1295 1205 1335 1270 ab

248 1320 332 1368 anno
345 1302 426 1366 1616
438 1317 539 1381 usque
551 1299 589 1364 ad
603 1316 720 1364 annum
735 1299 826 1363 lose.
839 1300 1021 1382 Aliquando
1034 1302 1128 1366 etiam
1141 1303 1336 1386 theologiam

248 1401 358 1466 docuit
381 1409 487 1480 patres
510 1397 718 1464 Oratorianos
739 1397 857 1464 Montis
872 1399 977 1478 Acuti,
992 1400 1139 1481 iuniores
1160 1403 1336 1468 canonicos

249 1500 587 1564 praemonstratenses
614 1497 760 1564 abbatiae
777 1498 957 1574 Parmensis,
975 1509 1006 1564 et
1021 1500 1169 1565 alumnos
1192 1502 1337 1569 abbatiae

248 1597 485 1664 Vlierbacensis
501 1597 624 1661 ordinis
640 1598 742 1662 sancti
761 1598 923 1662 Benedicti
937 1598 1026 1679 juxta
1045 1600 1229 1664 bovarium.

290 1748 449 1828 Philippus
480 1748 544 1810 Van
576 1748 698 1818 Woure,
729 1747 889 1812 Bruxellis
920 1748 1054 1827 patricio
1084 1765 1202 1829 genere
1232 1761 1336 1827 ortus,

250 1846 459 1911 boveniensis
493 1846 642 1910 coenobii
684 1845 781 1920 lilius,
813 1845 995 1910 Christiano
1031 1847 1120 1927 tupo
1158 1845 1337 1924 familiaris,

250 1945 421 2026 aliquando
445 1945 634 2010 hleclrliniae
658 1945 757 2026 prior,
780 1946 972 2011 novitiorum
997 1947 1050 2010 diu
1074 1949 1236 2030 magister,
1263 1965 1338 2029 pro·

250 2046 375 2109 vinciae
397 2045 492 2108 etiam
515 2045 723 2120 secretarius
748 2045 895 2108 visitator
917 2061 954 2109 ac
977 2045 1146 2128 delinitorg
1169 2054 1218 2110 ter
1239 2047 1337 2112 studii

250 2143 421 2224 theologici
453 2159 580 2222 regens,
609 2144 787 2207 doctrinam
817 2159 941 2207 sacram
970 2145 1136 2224 protessus
1166 2155 1215 2208 est
1244 2146 1337 2211 annis

250 2242 378 2320 triginta
403 2241 585 2320 etamplius
609 2251 674 2304 tum
699 2241 781 2320 apud
806 2259 884 2305 suos
902 2243 1025 2305 lovanii
1043 2245 1081 2322 (ll
1098 2255 1162 2307 turn
1184 2245 1214 2305 16
1238 2261 1336 2308 0060-

251 2341 395 2404 uicorum
425 2339 618 2418 regularium
656 2340 821 2403 coenobiis
861 2339 1172 2413 Corseudonclrano,
1206 2353 1335 2407 sanotae

251 2439 453 2503 Elisabethae
495 2455 594 2518 prope
633 2437 904 2508 Ruraemundnm.
942 2439 1070 2504 Rubrae
1111 2439 1208 2504 Vallis
1245 2441 1335 2521 juxta

253 2537 430 2612 bruxellas,
453 2537 696 2616 llarrswyckano
720 2538 921 2610 Mechliniae,
939 2549 970 2601 et
992 2541 1023 2600 in
1048 2539 1183 2620 collegio
1206 2541 1338 2604 canoni-

255 2653 366 2700 corum
384 2635 591 2710 regularium.
608 2635 692 2714 quod
712 2635 840 2698 Lovanii
858 2635 933 2699 olim
951 2636 1018 2708 luit,
1037 2637 1174 2717 denique
1191 2637 1222 2700 16
1239 2638 1337 2703 Vlier-

256 2733 387 2796 bucensi
404 2733 527 2795 abbatia
543 2733 667 2796 ordinis
683 2733 785 2796 sancti
803 2734 978 2798 Benedicti.

296 2832 389 2894 Anno
405 2831 484 2894 1680
500 2839 636 2895 exeunte
654 2831 703 2894 rel
731 2831 822 2894 initio
841 2833 1006 2912 sequentis
1022 2849 1134 2898 sacrae
1157 2834 1338 2916 theologiae

254 2931 484 2995 baccalaureus
496 2929 662 3003 formatus,
676 2939 707 2994 et
720 2940 793 3009 post
807 2947 924 2994 annum
939 2931 1018 2994 1688
1033 2949 1145 2998 sacrae
1158 2934 1339 3016 theologiae

254 3029 436 3095 licentiatus
451 3032 549 3105 (certe
564 3039 638 3091 ante
654 3044 797 3093 mensem
814 3030 1029 3108 septembrem
1047 3031 1148 3108 1686).

296 3131 452 3192 Strenuus
469 3127 613 3190 haeresis
626 3127 835 3208 jansenianae
851 3128 1067 3206 adversarius,
1093 3131 1181 3196 illius
1196 3133 1339 3197 asseclas

254 3227 384 3307 scriptis
401 3231 468 3290 suis
485 3237 516 3289 et
532 3225 690 3300 thesibus,
708 3227 823 3307 quibus
841 3230 1013 3308 praesedit,
1030 3247 1202 3311 numquam
1227 3231 1307 3295 coni
1326 3263 1340 3278 -

256 3339 323 3390 tare
339 3325 464 3397 omisit;
488 3327 676 3406 praesertim
690 3343 768 3390 vero
784 3328 814 3389 id
834 3329 1002 3406 praestitit,
1017 3345 1100 3393 anno
1119 3329 1197 3392 1118
1213 3341 1245 3394 et
1260 3330 1341 3394 duo-

256 3427 316 3490 bus
333 3425 554 3506 seouentibus,
569 3425 714 3504 pluribus
731 3427 867 3507 vulgatis
880 3429 1046 3508 opusculis
1065 3429 1103 3491 ad
1120 3429 1341 3494 defensionem

257 3525 363 3589 bullae
391 3525 570 3603 [inigenitus
597 3533 707 3588 contra
734 3526 931 3606 appellantes
954 3527 992 3590 ab
1016 3527 1075 3591 hac
1097 3528 1340 3592 constitutione.

257 3623 333 3686 Cum
346 3639 436 3696 vero,
449 3639 533 3685 anno
547 3621 638 3696 1118,
653 3623 919 3704 archiepiscopus
934 3623 1184 3702 blechliniensis,
1201 3627 1341 3689 Thomas

257 3722 435 3802 Philippus,
460 3737 587 3785 omnem
612 3738 689 3786 suae
711 3723 902 3788 dioeceseos
924 3725 1058 3802 clerum,
1083 3736 1145 3789 tam
1162 3726 1341 3807 regularem

257 3839 349 3902 quam
362 3821 572 3895 saecularem,
587 3820 625 3884 ad
639 3821 819 3902 explicitam
833 3825 1071 3888 constitutionis
1089 3825 1341 3906 acceptationem

294 4003 331 4074 (l)
353 4003 389 4056 Ut
402 4005 477 4072 patet
487 4019 520 4054 ex
531 4001 664 4066 thesibus,
677 4001 738 4072 ipso
751 4004 887 4074 praeside,
900 4005 1012 4059 Loranii
1024 4006 1215 4076 propugnalis,
1229 4004 1343 4058 Lovauii

257 4093 329 4163 apud
344 4091 559 4162 Augustinienos
579 4093 673 4146 docuit
685 4095 719 4147 ab
739 4111 812 4149 auno
829 4094 899 4150 1619
918 4097 952 4150 ad
975 4097 1054 4165 1682,
1075 4097 1142 4152 1685
1162 4097 1195 4150 ad
1220 4095 1300 4164 1688,
1315 4097 1343 4148 01

257 4183 367 4237 demum
381 4185 416 4237 ab
429 4199 502 4238 anno
519 4181 589 4238 1709
601 4183 634 4237 ad
654 4184 732 4238 1712.
