3284 4956
799 473 841 486 -
866 423 986 504 tal-

339 605 378 690 ad
395 637 512 690 annum
535 639 637 704 usque
664 620 740 686 l'l83
764 620 891 688 extabat
916 622 948 686 in
971 623 1072 688 oboro
1096 623 1218 706 templi,
1246 613 1429 706 appositum

339 723 398 789 luit
419 722 614 805 epitaphium
633 739 640 787 :
659 723 721 786 iioc
744 740 922 787 noanneane
944 741 1092 786 eoaotruu
1114 741 1165 787 aar
1186 741 1298 788 corros
1318 727 1325 807 Ι
1343 743 1429 790 enes-

337 839 438 888 rturts
459 840 559 886 nourm
581 841 652 887 uorat
674 822 787 886 Keaott
803 823 907 887 Vmou
926 822 933 906 Ι
951 839 999 893 out
1025 841 1149 886 reorum
1172 842 1334 888 reoeuomo
1354 825 1428 888 Lttu

337 939 396 990 eutr
420 939 518 986 suarm
544 939 648 986 ntonm
667 920 673 1004 Ι
692 939 744 985 sen
772 939 807 985 er
833 939 1047 992 outuommum
1069 940 1156 986 tuuis
1174 923 1180 1006 Ι
1199 942 1314 988 neonus
1337 942 1428 990 nutus

337 1041 464 1100 ceuonn,
483 1040 541 1086 uua
557 1040 646 1096 vtum,
660 1039 863 1086 superremota
880 1019 887 1103 Ι
905 1041 940 1085 ae
955 1039 1110 1086 rauranuu
1127 1041 1386 1087 etesuosvatmus
1405 1021 1411 1105 Ι

336 1121 561 1187 Univensmarts
582 1139 698 1192 ouooue
719 1120 913 1184 Lovrateusts
932 1123 937 1198 Ι
956 1139 985 1184 m
1009 1139 1138 1184 armenis
1161 1139 1290 1186 nnurvrs
1305 1140 1339 1186 aa
1355 1140 1426 1188 oum

337 1238 521 1286 nuunrrrnre
543 1239 635 1285 oenus
654 1218 659 1304 Ι
678 1218 762 1285 Ootrr
783 1237 879 1284 auaetr
903 1219 935 1283 3⁰
951 1238 1017 1284 tous
1034 1238 1096 1284 urta
1112 1240 1131 1285 t
1146 1221 1256 1286 Nerati
1275 1222 1281 1304 Ι
1300 1219 1426 1288 Cuntsnt

333 1338 410 1385 tuno
432 1339 489 1384 eto.
513 1339 593 1385 uoce.
618 1337 689 1385 xum
709 1319 714 1402 Ι
733 1338 832 1384 aunon
854 1337 946 1384 loeas
972 1337 1071 1384 araris
1097 1338 1152 1384 sue
1177 1321 1407 1404 ocroeestumrl

335 1421 371 1485 b.
389 1419 425 1486 Ο.
442 1421 469 1484 Μ
486 1439 530 1484 sn
546 1438 614 1483 etus
632 1436 723 1482 rutae
740 1435 902 1483 evorinus.

376 1612 423 1679 Ob
439 1615 585 1680 morbum
602 1613 860 1696 pestilentiosum
876 1631 961 1678 anno
977 1615 1057 1680 ltus
1074 1614 1205 1680 lovanii
1220 1625 1421 1698 grassantem

334 1714 518 1796 pbilosopbi
545 1713 614 1778 billi
640 1731 712 1780 eum
740 1715 979 1796 professoribus
1002 1715 1233 1780 blestbemlunr
1256 1716 1419 1798 sugerunt.

334 1812 413 1879 Vide
428 1814 582 1889 Gnauavn,
599 1814 814 1895 Antiquitatum
833 1831 864 1895 p.
882 1813 912 1877 3.

376 2015 420 2080 De
436 2013 550 2079 carolo
565 2013 663 2079 Viruli
680 2013 759 2079 haee
774 2013 886 2079 soribit
900 2013 1041 2080 loannes
1057 2014 1238 2080 Ludovious
1252 2015 1346 2082 Vives
1363 2019 1418 2094 lile

331 2115 486 2204 tradendis
510 2113 688 2195 disciplinis,
716 2113 771 2177 lib.
799 2113 859 2192 iV).
875 2137 893 2172 a
909 2114 1040 2190 Vellent,
1068 2115 1122 2189 eit,
1149 2123 1182 2179 ut
1207 2115 1293 2180 dooti
1319 2117 1418 2198 aliqui

331 2214 567 2279 delectarentur
581 2231 620 2278 eo
637 2230 738 2290 more,
757 2230 851 2294 quem
875 2213 975 2279 luisse
998 2214 1102 2280 Caroli
1126 2214 1293 2296 cujusdam
1316 2216 1416 2282 Viruli

330 2311 454 2377 narrari
476 2311 641 2377 audiebam
665 2311 805 2388 Lovanii,
823 2313 963 2377 bominis
985 2330 1048 2377 non
1076 2313 1208 2394 perinde
1231 2314 1362 2379 litterati
1384 2323 1417 2382 ut

330 2411 432 2476 boni:
458 2427 518 2476 neo
540 2410 585 2474 illi
610 2410 773 2491 ingenium
797 2419 851 2476 aut
876 2411 1039 2492 diligentia
1056 2412 1166 2486 deluit,
1184 2414 1242 2478 sed
1269 2413 1363 2479 loeus
1385 2421 1417 2480 et

331 2519 487 2593 tempora.
507 2510 537 2574 is
562 2509 691 2574 Lovanii
714 2510 879 2592 gymnasio
903 2511 1189 2592 Lilianopraeeret
1203 2521 1246 2588 et,
1264 2512 1337 2593 quia
1354 2513 1417 2578 sub

330 2627 407 2675 eura
423 2625 481 2674 sua
504 2625 622 2689 pueros
648 2609 783 2674 babebat
806 2610 1003 2689 complures,
1026 2611 1064 2674 ad
1084 2611 1237 2676 visendos
1255 2612 1306 2675 vel
1330 2612 1418 2678 lilios

329 2709 379 2775 vel
393 2708 602 2789 propinquos,
621 2725 692 2773 oum
710 2709 857 2772 venirent
871 2709 950 2771 varii
966 2709 1094 2790 generis
1110 2709 1416 2793 homines,eolloqui

331 2809 404 2873 illos
429 2824 500 2872 eum
527 2823 566 2872 eo
592 2817 661 2872 erat
683 2824 830 2881 necesse,
848 2817 890 2881 et,
911 2817 945 2871 ut
968 2817 1017 2872 est
1038 2809 1241 2873 consuetudo
1257 2810 1415 2890 regionis,

330 2905 490 2973 convivari
507 2906 613 2970 etiam.
631 2906 812 2987 inquirebat
834 2907 931 2970 boras
953 2906 1075 2987 aliquot
1089 2915 1162 2971 ante
1177 2908 1316 2972 convivii
1334 2919 1416 2975 tem-

330 3023 404 3088 pus,
420 3005 538 3087 quibus
554 3005 586 3068 in
601 3005 700 3071 rebus
723 3005 893 3086 plurimum
909 3013 940 3070 et
956 3004 1067 3070 dextre
1083 3015 1170 3071 esset
1184 3009 1318 3073 conviva
1334 3027 1418 3075 suus

330 3114 489 3169 versatus.
514 3104 588 3169 Erat
610 3104 692 3169 alius
715 3111 818 3178 nauta,
842 3105 925 3169 alius
947 3105 1098 3186 agricola,
1115 3105 1197 3170 alius
1214 3106 1314 3180 saber,
1332 3108 1416 3173 alins

329 3211 432 3277 sutor,
456 3202 538 3268 elius
561 3201 673 3284 pistor.
700 3206 741 3267 lle
766 3204 878 3268 eodem
899 3204 968 3284 ipse
988 3204 1124 3269 artifieio
1143 3205 1263 3287 aliquid
1290 3206 1414 3273 interea

329 3301 455 3384 legebat
480 3310 511 3366 et
537 3301 760 3367 meditabatur.
785 3302 864 3366 bum
888 3303 1035 3368 veniebat
1051 3304 1088 3368 ad
1107 3319 1249 3369 mensam
1268 3317 1411 3386 paratus,

332 3410 365 3464 ut
381 3409 411 3466 et
425 3399 602 3465 oblectaret
617 3401 785 3465 convivam
802 3417 952 3466 sermone
967 3401 1007 3465 de
1023 3401 1119 3466 rebus
1134 3402 1195 3483 ipsi
1213 3404 1308 3480 notis
1328 3414 1360 3470 el
1374 3405 1414 3470 ab

330 3499 385 3564 illo
411 3498 453 3564 ita
481 3509 654 3580 provocato
682 3509 714 3564 et
743 3499 961 3565 secretissima
991 3501 1069 3565 artis
1096 3501 1187 3566 laoile
1203 3513 1416 3585 cognosceret

330 3597 517 3680 audiretque
529 3596 718 3664 brevissima
731 3598 821 3674 bora,
835 3615 917 3680 quae
932 3599 985 3664 ille
998 3616 1057 3664 osu
1072 3601 1244 3666 multorum
1257 3619 1416 3668 annorum

329 3698 381 3762 vis
408 3709 494 3764 esset
518 3708 701 3763 assecutus.
728 3698 773 3763 lta
795 3699 982 3765 discedebat
1003 3699 1044 3764 de
1059 3701 1221 3783 colloquio
1236 3704 1415 3770 etoonviva

329 3798 455 3874 laetior,
472 3806 504 3864 et
519 3797 706 3864 convivator
720 3799 908 3881 prudentior
922 3815 960 3865 ae
975 3800 1119 3881 peritior.
1140 3823 1154 3864 a

371 3994 672 4062 «consultissimus
697 3995 846 4061 dominus
867 3996 1008 4064 loannes
1027 3999 1163 4066 lliobadl
1180 3999 1245 4066 Van
1270 3999 1415 4087 Langen·

328 4095 447 4170 donok,
461 4094 544 4176 iuris
569 4095 734 4178 utriusque
756 4095 948 4174 licentiatus,
966 4115 1136 4179 supremae
1151 4101 1261 4168 euriae
1279 4103 1414 4169 Braban·

332 4197 395 4268 tiae
421 4196 606 4273 advocatus,
635 4211 757 4261 necnon
786 4197 892 4279 oppidi
918 4199 1125 4264 lovaniensis
1148 4217 1164 4264 a
1188 4203 1334 4270 consiliis
1353 4213 1416 4272 eta
