3130 4956
777 441 968 528 -lac-

326 645 357 711 et
373 636 491 719 bucco,
502 651 536 711 ut
551 643 745 727 premissum
762 653 907 722 estesse
923 643 1196 728 declarent,quod
1214 651 1291 712 tunc
1309 651 1413 711 lamen

326 761 389 814 non
416 744 622 810 admittantur
648 743 709 810 nisi
732 743 837 810 solum
859 745 897 808 ad
916 745 1093 826 profestum
1120 745 1240 826 Regum
1268 744 1416 826 proxime

325 845 479 922 futurum,
506 859 577 908 num
606 842 837 924 protestatione
863 852 968 910 tamen
999 843 1084 908 dicte
1107 843 1268 908 facultatis
1284 843 1414 920 artium,

325 942 467 1024 nundin
493 941 678 1025 huiusmodi
706 942 759 1007 tali
786 941 984 1007 admissione
1012 959 1070 1024 pro
1097 950 1241 1024 tempore
1264 943 1326 1006 sibi
1347 959 1415 1006 non

325 1041 503 1124 prejudicat
524 1059 588 1124 quo
606 1042 643 1106 ad
661 1057 789 1107 causam
802 1041 868 1124 jam
893 1042 1084 1123 pendentem
1102 1057 1200 1122 super
1219 1041 1417 1123 proprietate

325 1141 441 1208 domus
454 1141 671 1224 pedagogialis
683 1155 720 1206 ac
735 1141 867 1206 aliarum
883 1141 1051 1206 domorum
1068 1149 1100 1206 et
1115 1141 1279 1211 rernmde
1297 1141 1416 1223 quibus

325 1241 358 1308 in
382 1258 536 1322 processu
553 1255 661 1306 coram
684 1241 815 1306 domino
841 1250 979 1316 rectore,
1002 1256 1040 1304 ac
1061 1239 1155 1304 aliam
1177 1256 1415 1322 quamcumque

326 1356 455 1406 causam
472 1353 681 1408 emersuram.
698 1341 789 1416 hura,
807 1339 873 1415 vlt,
892 1339 947 1404 fol.
964 1338 1025 1402 377
1040 1351 1086 1404 νο.

367 1540 482 1606 Eodem
508 1538 570 1615 die,
593 1535 670 1604 bora
693 1537 801 1620 quintu
824 1545 897 1619 post
913 1537 1090 1612 meridient,
1105 1545 1359 1619 comparuerunt
1381 1537 1413 1602 in

325 1639 424 1704 rubea
439 1651 566 1720 camera
585 1635 701 1703 domus
725 1637 883 1702 facultatis
910 1637 1032 1701 domini
1059 1637 1200 1702 decanus
1222 1645 1253 1702 ct
1270 1638 1414 1718 deputati
1517 1627 1526 1637 ’

324 1739 476 1821 ordinarii
503 1753 577 1803 cum
602 1737 736 1818 syndico
763 1737 921 1802 facultatis
944 1737 982 1801 ad
1005 1737 1199 1802 audiendum
1220 1737 1412 1818 paritioncm

323 1838 528 1904 dominorum
539 1835 772 1902 drmcnteriani
788 1846 820 1902 et
833 1836 1039 1917 buncojunta
1054 1835 1297 1902 conclusionem
1316 1837 1413 1900 facul·

323 1937 396 2004 tatis
418 1937 515 2002 hodie
536 1945 672 2016 captam.
696 1935 753 2009 Qui
778 1935 907 2016 quidem
930 1935 1080 2001 dominus
1102 1933 1241 2000 loannes
1265 1951 1283 1998 a
1303 1937 1410 2000 Draco

322 2035 500 2118 comparuit
521 2051 627 2101 coram
651 2034 790 2099 dominis
812 2035 967 2100 exhibens
989 2035 1111 2117 scripto
1133 2035 1213 2100 duas
1237 2044 1407 2116 pretensas

322 2135 495 2202 schedulas
512 2135 677 2217 paritionis
694 2135 762 2199 sive
777 2135 1013 2216 responsionis,
1025 2134 1068 2200 uti
1084 2134 1222 2208 dicebat,
1237 2152 1334 2200 unam
1352 2151 1409 2216 pro

321 2236 566 2302 Armentcriano
591 2245 623 2300 et
648 2234 741 2300 aliam
768 2251 826 2316 pro
853 2251 889 2298 se
914 2235 996 2315 ipso.
1029 2233 1133 2300 Lectis
1159 2233 1326 2300 schedulis
1353 2251 1410 2316 per

321 2335 485 2402 dominum
501 2335 668 2410 decanum,
680 2335 786 2415 posuit
801 2334 951 2400 dominus
967 2333 1109 2399 decanus
1126 2333 1158 2397 in
1174 2333 1410 2400 deliberatione

320 2435 535 2512 dominorum,
552 2451 591 2499 an
612 2451 668 2515 per
685 2433 867 2514 huiusmodi
890 2433 1119 2514 responsiones
1142 2433 1210 2500 sive
1233 2434 1408 2500 schedulas

320 2543 407 2600 esset
422 2533 619 2598 sufficienter
635 2533 769 2613 paritum
783 2531 982 2597 conclusioni
997 2531 1157 2596 facultatis
1171 2532 1268 2596 hodie
1279 2543 1407 2612 captam

318 2635 393 2713 lna).
412 2633 451 2698 Et
466 2651 504 2698 ex
523 2633 708 2698 corumdem
725 2632 928 2696 dominorum
944 2631 1228 2696 deliberationibus
1244 2632 1408 2696 conclusit

318 2749 375 2814 per
397 2732 581 2814 hujusmodi
607 2732 837 2811 responsiones
858 2746 921 2796 non
947 2747 1021 2796 csse
1043 2729 1242 2795 sufficienler
1266 2731 1406 2811 paritum

317 2831 520 2908 conclusioni
536 2831 693 2898 facultatis
715 2829 811 2895 hodic
825 2839 961 2910 captam.
979 2832 1069 2904 horn,
1087 2829 1153 2904 llll,
1170 2829 1226 2892 fol.
1243 2828 1306 2892 3l8
1320 2837 1362 2894 r⁰.

357 3027 512 3102 Dicisne,
528 3027 587 3106 cij·
600 3026 713 3092 monis
728 3023 857 3087 octobris
873 3023 964 3098 lbet,
984 3022 1042 3088 fuit
1058 3024 1176 3104 indicta
1195 3027 1406 3109 congregatio

315 3127 474 3194 facultatis
499 3125 539 3189 ad
562 3127 672 3188 boram
697 3132 880 3204 quartama
904 3122 1048 3202 prandio,
1067 3123 1099 3186 in
1125 3123 1249 3206 scholis
1273 3126 1404 3198 artium,

315 3243 413 3307 super
439 3223 649 3305 sequentibus
669 3221 813 3287 articulis
830 3243 838 3283 ι
854 3220 992 3295 Primus,
1015 3223 1054 3284 ad
1078 3221 1273 3287 audiendum
1296 3225 1405 3306 aliqua

316 3326 451 3408 proponi
478 3341 535 3404 per
556 3322 724 3404 syndicum
751 3321 921 3386 facultatis.
946 3352 987 3366 -
1010 3320 1169 3403 Quantum
1195 3323 1235 3385 nd
1263 3324 1403 3405 primum

315 3426 483 3492 articulum
493 3422 662 3505 proposuit
672 3421 821 3484 dominus
834 3419 986 3500 syndicus
999 3419 1251 3503 facultatis‚quid
1267 3423 1403 3490 ulterius

315 3525 507 3598 faciendum,
535 3530 567 3587 et
592 3521 753 3603 quomodo
784 3519 1021 3600 procedendum
1047 3531 1159 3586 contra
1188 3521 1341 3588 dominos
1370 3531 1402 3588 et

316 3627 487 3709 magistros
501 3623 656 3687 loannem
673 3621 789 3684 lleems
811 3619 850 3683 ab
871 3619 1071 3684 hrmenteria
1086 3636 1123 3684 ac
1137 3619 1292 3698 loannem
1307 3623 1401 3688 Plan·

315 3726 444 3792 sonium
459 3723 500 3788 de
517 3720 852 3800 bnaco,rcliquosque
864 3719 1034 3799 magistros
1051 3729 1200 3801 repentes
1212 3729 1242 3785 et
1255 3723 1400 3804 legentes

313 3827 347 3889 in
362 3820 541 3906 pedagogio
558 3820 638 3894 billi,
656 3835 720 3884 non
742 3817 890 3882 obstante
906 3817 991 3898 quod
1006 3817 1038 3880 in
1055 3818 1240 3899 precedenti
1259 3837 1399 3903 congre-

314 3925 442 4006 gatione
458 3921 618 3986 facultatis
634 3918 851 3992 artium,facta
867 3917 966 3982 altera
979 3917 1127 3994 Dionisii,
1141 3918 1273 3999 prefatis
1295 3921 1400 3985 domi·

313 4023 365 4088 nis
393 4030 425 4087 ct
451 4019 613 4101 magistris
641 4017 754 4082 loanni
781 4017 898 4082 Heems
927 4017 966 4082 ab
993 4017 1193 4082 armenteria
1223 4027 1256 4083 et
1284 4019 1403 4086 loanni-

316 4121 488 4186 Planscnio
509 4119 549 4184 de
569 4118 677 4182 Duaoo
699 4115 954 4198 supplicantibus
974 4125 1005 4182 et
1021 4117 1203 4200 petentibus
1218 4117 1345 4184 admitti
1359 4120 1399 4187 ad

314 4221 488 4310 regendam
510 4228 542 4300 et
563 4217 733 4300 legentiam
750 4233 806 4298 per
822 4217 1003 4284 facultatem
1018 4216 1134 4282 artium
1150 4233 1206 4282 sco
1223 4217 1398 4301 decanum,
