3186 4942
728 421 912 486 -382-

272 615 304 671 et
327 605 364 668 tu
387 603 568 669 decembris
595 603 676 669 duas
693 603 859 683 portiones
883 601 1102 667 alimentarias
1125 602 1195 666 suis
1218 602 1360 682 addixit),

271 704 411 784 itemque
448 703 612 769 Guilielmo
649 702 757 779 Grcue,
789 703 827 766 ad
865 701 929 766 divi
966 700 1131 767 Michaelis
1168 701 1363 784 hotverpiae

272 803 441 880 abbatili),
457 802 510 883 qui
528 801 709 884 paulopost
724 817 820 883 supra
834 808 1084 867 memoratorum
1101 799 1251 864 abbatum
1268 800 1361 866 insti-

272 901 387 967 tutioni
411 909 631 966 accesserunt.
652 901 792 982 ligerum
816 900 1021 981 postmodum
1044 899 1105 964 suh
1128 899 1243 964 abbate
1266 901 1362 964 Bruct

272 1000 550 1080 lleylissemenses
567 999 617 1080 (tt,
632 1007 665 1070 ut
681 999 733 1064 hic
748 999 817 1064 suis
833 1016 960 1082 quoque
975 999 1067 1064 locus
1082 997 1200 1078 aliquis
1216 1005 1314 1063 esset.

314 1098 462 1164 Ceterum
485 1098 577 1163 initio
600 1099 765 1179 portiones
780 1098 999 1164 alimentariae
1022 1113 1060 1162 ac
1084 1107 1240 1178 perpetuo
1262 1096 1360 1161 dura-

273 1206 363 1264 turae
374 1197 557 1278 assignatae
574 1199 713 1277 luerunt,
728 1205 854 1280 praeter
866 1198 1025 1263 bonorum
1042 1196 1200 1278 cujusque
1213 1195 1361 1260 abbatiae

273 1297 455 1379 generalem
472 1297 696 1378 hypothecam,
715 1305 748 1361 ut
763 1297 804 1360 ita
820 1305 992 1362 eventuum
1015 1295 1230 1362 vicissitudini
1246 1311 1361 1362 occur·

273 1407 411 1464 reretur.
435 1395 496 1460 Sed
520 1397 700 1460 cautionem
724 1396 817 1462 istam
841 1395 936 1460 elusit
959 1395 1121 1477 posterior
1142 1401 1289 1474 eventus,
1315 1401 1358 1469 et,

273 1495 439 1562 solidioris
455 1495 543 1559 tundi
558 1495 640 1568 vice,
655 1495 812 1560 manualis
829 1505 862 1560 et
878 1511 983 1560 annua
996 1504 1107 1576 postea
1123 1511 1140 1559 a
1157 1493 1361 1576 praesulibus

272 1595 410 1676 singulis
427 1594 624 1675 pendebatur
644 1611 702 1675 pro
718 1595 922 1660 studentibus
944 1594 1076 1658 vitalitia
1092 1593 1210 1676 portio,
1232 1608 1313 1674 quse
1328 1599 1361 1658 et

273 1711 385 1760 eorum
401 1694 497 1758 victui
515 1703 546 1758 et
562 1694 701 1760 tauricae
718 1695 901 1760 necessitati
918 1703 1005 1760 esset
1021 1694 1116 1759 satis.

288 1809 291 1814 ¹
315 1791 448 1858 Oblatas
460 1801 509 1858 est
521 1793 560 1857 ab
573 1793 664 1858 initio
676 1794 769 1859 locus
785 1802 816 1859 et
829 1792 1114 1875 liitigemensibus,
1128 1792 1183 1873 qui
1195 1789 1360 1858 aerumnis

274 1901 340 1956 tum
358 1892 461 1971 pressi
480 1909 543 1957 non
559 1909 744 1968 accesserc;
762 1909 780 1958 e
795 1893 864 1958 suis
880 1900 986 1958 tamen
1003 1891 1140 1957 subinde
1152 1891 1279 1972 aliquos
1294 1889 1358 1953 huc

274 1990 454 2055 studiorum
471 2007 568 2055 causa
583 1991 756 2062 identidem
774 1991 975 2073 ablegarunt.

314 2088 528 2170 Aggregatum
554 2097 603 2154 est
628 2090 798 2172 collegium
822 2089 1042 2163 universitati,
1077 2096 1211 2171 rogante
1234 2087 1361 2152 liberto

276 2188 321 2252 be
344 2186 439 2268 Pope,
463 2187 577 2254 abbate
599 2191 747 2254 Parcensi
770 2198 801 2254 et
825 2189 967 2272 generali
990 2187 1114 2254 ordinis
1138 2203 1195 2268 per
1217 2185 1362 2267 Belgium

275 2302 408 2350 vrcarro.
510 2317 513 2324 ’
1004 2349 1006 2352 ,
1247 2347 1250 2353 .

318 2386 377 2458 Qui
393 2385 425 2448 in
441 2387 502 2450 hoc
517 2386 654 2468 collegio
670 2388 811 2470 religiosi
828 2388 960 2470 degum,
977 2388 1191 2453 academicam
1215 2384 1361 2451 scholam

277 2491 309 2549 et
325 2484 469 2564 publicas
485 2485 719 2564 disputationes
735 2503 772 2552 ac
788 2486 1022 2564 praelectiones
1038 2487 1253 2568 frequentant.
1270 2483 1361 2549 Sulc-

277 2582 353 2647 bant
375 2583 451 2648 olim
475 2584 568 2648 etiarn
592 2584 623 2648 in
640 2602 678 2650 eo
696 2586 816 2665 privata
839 2585 950 2651 haberi
966 2586 1118 2651 exercitia
1141 2594 1172 2650 et
1188 2584 1362 2650 hebdoma-

277 2681 387 2746 dariae
413 2682 644 2762 disputationes
674 2701 730 2765 per
756 2701 840 2760 eum,
870 2683 923 2766 qui
949 2684 1150 2767 gymnasium
1176 2682 1307 2765 regebat
1332 2689 1364 2746 et

278 2780 466 2860 plerumque
496 2797 607 2846 sacrae
633 2783 815 2864 theologiae
845 2783 972 2849 licentia
1000 2783 1172 2847 decoratus
1202 2790 1281 2858 erat,
1309 2786 1364 2844 aut

278 2879 391 2944 saltem
421 2879 620 2946 baccalaurei
652 2881 776 2946 lormati
802 2882 905 2947 titulo.
937 2882 1002 2947 lloc
1033 2891 1231 2963 postremum
1257 2878 1363 2944 adhuc

276 2976 414 3052 obtinet;
429 2980 579 3044 exercitia
592 2997 669 3044 vero
680 2989 753 3046 ante
765 2997 868 3046 annos
880 2981 1008 3063 triginta
1021 2980 1148 3046 desiere
1159 2977 1361 3058 (specterum

276 3075 477 3140 alumnorum
502 3079 656 3161 plerique,
678 3087 846 3161 antequam
870 3079 945 3144 hinc
968 3080 1116 3160 migrent,
1135 3087 1170 3144 ut
1186 3087 1241 3143 aut
1261 3092 1361 3142 curae

275 3173 452 3238 animarum
470 3177 705 3255 praeficiantur,
722 3186 776 3242 aut
802 3194 925 3242 sacram
943 3177 1121 3242 doctrinam
1144 3177 1175 3239 in
1193 3175 1361 3241 coenobiis

273 3272 343 3336 suis
359 3274 496 3347 tradant,
514 3275 708 3340 academicis
726 3276 827 3341 titulis
842 3275 990 3358 insigniri
1015 3276 1131 3340 solent.
1150 3275 1183 3339 ld
1201 3287 1362 3341 memora-

275 3369 350 3444 bile,
379 3389 397 3437 e
424 3374 494 3436 solo
523 3383 681 3439 convento
711 3373 939 3456 hotverpiensi
967 3391 1052 3438 anno
1082 3373 1163 3437 tete
1194 3381 1363 3454 promotos

312 3602 350 3674 (l)
370 3603 481 3657 Electus
492 3605 707 3660 tueretexeunte
716 3605 864 3676 septembri
879 3605 957 3662 1564.
971 3603 1046 3658 Obiit
1054 3604 1091 3659 25
1100 3602 1265 3674 septembris
1279 3602 1361 3660 1587.

311 3693 351 3765 (2)
372 3693 614 3764 Heylissemeusea.
629 3695 696 3750 dicti
716 3697 800 3750 etiam
820 3696 1046 3760 Helechiuenses,
1067 3701 1097 3749 ut
1117 3695 1171 3766 ipsi
1194 3694 1363 3762 scribebant,

274 3784 319 3839 die
343 3782 375 3837 19
389 3785 545 3838 novembris
569 3785 637 3840 1587
651 3803 794 3840 assensum
814 3804 894 3840 suum
908 3787 1109 3856 significarunt,
1124 3791 1152 3841 et
1169 3783 1314 3856 pecuniam
1332 3799 1364 3838 se

273 3873 582 3946 primaoppurtunitetc
601 3875 713 3930 daturos
731 3878 948 3948 spoponderunt,
964 3894 996 3932 eo
1009 3881 1068 3932 tum
1089 3875 1201 3944 redacti,
1218 3881 1250 3929 ut
1262 3889 1365 3946 nuper-

272 3965 342 4021 rime
360 3965 504 4022 defunctus
522 3967 644 4038 ipsorum
661 3967 746 4022 abbas
765 3985 799 4022 ne
815 3985 901 4022 unum
919 3968 1029 4040 quidem
1049 3983 1192 4022 nummum
1211 3963 1374 4021 moriturus

275 4057 413 4112 hebuerit.

309 4146 346 4218 (3)
368 4147 475 4217 Paquot
488 4146 555 4201 haec
568 4148 706 4204 scribebat
718 4166 792 4204 enno
809 4149 878 4204 1760
893 4149 935 4204 vel
950 4149 1070 4204 circiter.
