3202 4948
697 440 885 505 -tnt-

244 632 434 706 potestatem
460 621 650 687 aedificandi
681 623 835 698 oratoria,
867 621 1034 696 ecclesias,
1060 620 1177 687 domos
1205 629 1236 687 et
1260 621 1336 687 offi-

244 724 346 796 cinas,
364 733 458 803 atque
480 722 542 786 alia
568 721 650 798 loca,
668 722 791 803 absque
817 721 952 802 alicujus
979 720 1221 801 impedimento,
1247 721 1332 787 datis

245 821 349 887 literis
371 820 507 896 Perusii,
525 819 619 884 nonis
643 821 728 896 maii,
746 837 830 885 atino
855 821 957 900 primu
973 821 1044 896 (boc
1059 830 1110 884 est
1126 835 1211 884 anno
1227 820 1331 900 libb).

286 921 373 984 Idem
385 919 533 984 Clemens
546 919 726 1000 impartitur
737 919 951 1000 indulgentias
965 919 1204 998 porrigentibus
1218 934 1333 984 manus

245 1018 459 1084 auxiliatrices
489 1019 588 1098 priori
613 1028 646 1082 et
670 1017 886 1082 confratribus
913 1017 1012 1080 eremi
1040 1018 1142 1081 sancti
1165 1003 1338 1098 Augustini

243 1129 437 1184 construere
464 1117 646 1182 volentibus
679 1117 830 1196 templum
861 1125 892 1180 et
925 1117 1167 1183 monasterium,
1199 1115 1336 1190 Perusii,

245 1234 331 1282 anno
353 1217 468 1298 primo.

287 1317 366 1381 ltem
382 1332 466 1380 anno
483 1315 608 1380 Domini
625 1315 718 1390 lace,
736 1314 813 1378 inita
829 1321 878 1378 est
893 1313 1066 1378 eoncordia
1089 1329 1162 1376 cum
1181 1312 1335 1376 iratribus

244 1416 370 1481 ordinis
392 1415 496 1478 sancti
520 1414 691 1494 Augustini
716 1415 747 1476 in
764 1413 904 1479 lovanio
920 1413 1025 1494 quoad
1043 1412 1238 1493 sepulturas,
1256 1429 1335 1476 cun·

247 1514 433 1588 sessionem,
467 1523 655 1578 testamenta
681 1522 713 1577 et
749 1512 940 1577 oblationes.
973 1509 1096 1584 Quibus
1135 1527 1193 1575 sua
1230 1510 1335 1592 sigilla

247 1613 467 1694 appenderunt
491 1613 541 1688 G,
567 1611 782 1692 praepositus,
807 1609 1071 1676 excellentissimi
1094 1617 1218 1690 septem
1241 1624 1337 1674 cano·

247 1711 310 1775 nici
327 1711 395 1775 sive
411 1709 544 1787 domini,
561 1720 592 1774 et
604 1709 731 1790 plebani
747 1710 889 1791 quinque
903 1709 1145 1790 parochiarum;
1160 1708 1235 1772 item
1249 1707 1337 1789 prior

244 1819 279 1872 et
304 1809 419 1872 iratres
446 1808 599 1890 sigillum,
628 1825 692 1890 quo
717 1809 761 1872 uti
777 1809 892 1872 solent.
912 1807 1042 1872 Archiae
1064 1806 1208 1870 eeclesiae
1233 1809 1336 1870 soracti

247 1910 343 1972 Petri.

288 2007 434 2069 Clemens
458 2005 594 2070 admittit
618 2005 725 2071 locum
755 2005 899 2087 erigendi
925 2005 1113 2070 monasterii
1141 2022 1334 2071 eoncessum

246 2105 433 2168 anctoritate
470 2104 636 2180 ordinarii,
665 2103 811 2184 episcopi
847 2103 1047 2178 leodiensis,
1070 2103 1176 2168 ordini
1200 2103 1334 2169 fratrum

243 2203 529 2282 Augustinensium
554 2203 586 2264 in
612 2203 766 2276 bovanio,
791 2203 950 2266 renitente
976 2219 1036 2283 pru
1058 2202 1181 2266 viribus
1205 2211 1335 2284 pastore

242 2301 309 2365 divi
324 2301 421 2366 Petri.
439 2301 583 2377 Viterbii,
601 2302 714 2382 quinto
731 2302 803 2366 idus
820 2301 906 2377 maii,
925 2318 1010 2366 anno
1026 2311 1153 2382 quarto.

288 2423 301 2458 a
321 2405 413 2464 Anno
429 2400 520 2475 talc,
539 2400 571 2463 in
588 2400 639 2466 die
654 2400 896 2480 Assumptionis
911 2399 1023 2464 beatae
1045 2401 1163 2465 Mariae
1179 2400 1330 2480 Virginis

247 2522 261 2560 i
278 2500 378 2564 altare
394 2509 427 2564 et
442 2500 670 2564 coemeterium
687 2501 770 2580 apud
788 2500 904 2565 iratres
917 2499 1074 2564 llremitas
1090 2499 1213 2564 ordinis
1229 2498 1332 2564 sancti

247 2600 445 2679 »Augustini
482 2600 514 2661 in
545 2599 685 2663 lovanio
718 2600 981 2664 consecravimus
1002 2622 1028 2660 i.
1060 2600 1105 2664 lta
1134 2599 1169 2661 F.
1202 2599 1329 2672 Petrus,

241 2695 469 2764 Ortboniensis
485 2698 672 2779 episcopus.

269 2913 294 2970 b)
308 2912 420 2964 Eoelreit
433 2916 480 2966 des
494 2909 569 2964 Fasti
582 2911 733 2964 academici
748 2911 929 2983 manuscripti
948 2917 980 2966 dc
994 2912 1109 2986 Paquct
1123 2911 1169 2984 (ll,
1183 2929 1209 2982 p.
1227 2910 1297 2982 tol).

284 3050 466 3114 Coertubt'utn
490 3051 800 3130 Augustinianorum.
818 3087 859 3097 -
880 3053 1076 3116 Incunabula
1099 3067 1157 3116 sua
1179 3050 1327 3130 repetita

242 3150 347 3214 medio
364 3149 491 3214 circiter
514 3150 644 3214 saeculo
661 3169 732 3227 xrn;
758 3169 828 3216 nam
846 3153 886 3215 de
902 3168 985 3217 anno
1003 3153 1042 3216 lis
1065 3162 1115 3216 est
1130 3151 1212 3214 inter
1227 3150 1329 3214 bisto-

241 3249 344 3322 ricos;
364 3250 471 3328 plures
494 3258 599 3311 tamen
622 3265 705 3313 anno
730 3249 810 3313 tate
826 3251 988 3330 adaptant.
1014 3250 1161 3314 Clemens
1181 3249 1219 3311 lV
1242 3248 1328 3312 bulla

240 3348 323 3411 edita
338 3350 372 3410 lt
390 3347 462 3409 maii
481 3351 509 3424 (r
523 3347 594 3410 idus
611 3347 694 3424 maii)
707 3347 788 3411 taus
805 3371 811 3410 :
831 3351 1019 3422 leodiensis,
1037 3349 1150 3430 inquit,
1168 3350 1328 3428 episeopus

241 3445 408 3523 (Henrieus
420 3445 730 3528 deGueldria),proat
742 3449 895 3530 spectabat
908 3451 948 3513 ad
956 3449 1153 3530 ipsumpobls
1165 3447 1325 3530 petundum

236 3547 347 3620 locutu,
358 3547 389 3608 in
405 3563 463 3625 (pue
480 3547 592 3608 diuinis
608 3547 755 3610 deberetis
771 3551 928 3610 immorari
940 3549 1104 3630 obsequiis,
1123 3549 1207 3610 intro
1223 3543 1327 3609 uilium

240 3645 276 3706 de
298 3647 444 3722 Lcuuniu,
462 3645 643 3708 authoritate
665 3649 824 3710 cattinaria
847 3649 1010 3728 deputavit,
1029 3648 1183 3712 sacellum
1201 3645 1325 3710 scilicet

240 3759 295 3806 seu
318 3744 488 3806 aediculam
511 3745 609 3806 soracti
630 3746 760 3808 leuntiis
786 3748 953 3827 Baptistae,
971 3765 1042 3811 eum
1066 3748 1138 3811 lucu
1160 3744 1327 3826 adjacente

240 3841 318 3904 satis
341 3853 441 3915 arcto,
458 3843 511 3922 qui
534 3843 655 3906 sensim
680 3853 746 3907 tum
765 3845 937 3910 donatione
964 3857 1028 3909 turn
1046 3845 1207 3926 emptione
1230 3841 1326 3907 latior

239 3941 341 4003 lactus
358 3954 418 4002 est.
433 3939 572 4004 lleminit
591 3942 674 4006 idern
692 3945 832 4024 pontil'ex
855 3955 1032 4009 conventus
1058 3945 1268 4008 bremitarum
1285 3939 1325 4004 de

240 4039 377 4103 lovanio
390 4039 513 4103 ordinis
526 4043 803 4122 sanetitlugustini
818 4043 1237 4124 alterodiplurnntedato‘ll
1254 4039 1327 4120 julii

237 4139 286 4216 (xii
315 4139 466 4201 lralendas
492 4142 629 4219 augustii
656 4141 748 4204 labb.
777 4141 821 4204 Ex
849 4162 911 4222 tpuo
943 4143 1037 4206 eliani
1067 4153 1151 4221 patet
1178 4159 1235 4206 eos
1262 4149 1327 4203 tunt

321 4273 351 4319 v.
1205 4255 1244 4320 l8
