3232 4942
717 429 902 493 ..3¹17-

261 609 395 687 niensis,
412 611 627 678 exhibuerunt
642 610 736 676 nobis
752 621 876 677 certum
900 616 1101 674 contractum
1121 608 1182 674 sub
1198 607 1349 690 benepla-

258 712 323 777 cito
340 712 428 777 sedis
441 711 645 791 hpostolicae
663 719 695 776 et
709 711 853 775 omniurn
870 725 1005 791 quorum
1024 709 1171 784 interest,
1187 724 1244 788 per
1256 707 1348 789 ipsos

258 820 457 891 exponentes
469 827 621 875 eorumve
638 809 807 890 syndicum
822 809 933 872 initum
951 824 1022 872 cum
1037 807 1191 888 magistro
1206 807 1348 887 generali

258 925 295 975 ac
308 909 469 990 prioribus
483 909 651 974 Leodiensi
668 920 699 973 et
711 908 922 972 Namuroensi
939 907 1065 973 ordinis
1078 916 1208 972 sanctae
1220 905 1345 980 Crucis,

259 1018 360 1076 totum
388 1009 533 1073 ordinem
561 1025 598 1072 ac
625 1017 804 1074 conventus
833 1007 1084 1072 Namurcensem
1111 1015 1143 1070 ct
1170 1005 1347 1070 Gosensem

259 1113 327 1187 lper
350 1107 529 1173 haereticos
553 1107 762 1184 destructum)
782 1105 1117 1187 repraesentantibus,
1142 1104 1272 1185 depost
1292 1121 1348 1186 per

259 1205 335 1272 dieti
360 1207 484 1272 ordinis
510 1216 640 1271 sanetae
668 1205 782 1271 Crucis
808 1205 995 1270 definitores
1025 1205 1170 1286 aliosque
1198 1203 1343 1284 ejusdcm

258 1303 381 1371 ordinis
397 1315 427 1370 ct
450 1315 629 1370 conventus
644 1305 874 1371 Namurccnsis
894 1307 1040 1386 (quonum
1057 1304 1219 1380 intererat)
1235 1313 1344 1382 patres

258 1416 289 1469 et
328 1403 444 1469 iratres
479 1403 728 1480 conllrmatum;
768 1421 824 1484 per
858 1420 952 1484 quem
991 1411 1190 1468 contractum
1228 1402 1344 1468 domus

256 1503 383 1586 collegii
399 1503 657 1584 Cruoigcrornm
676 1503 707 1566 in
724 1504 784 1567 hac
799 1503 1014 1567 Universitate
1030 1501 1152 1566 lundati
1170 1518 1226 1583 per
1241 1518 1344 1583 quon-

257 1603 328 1667 dam
352 1603 516 1668 dominum
542 1603 720 1682 Philippum
743 1602 866 1668 Nicolai
888 1601 929 1666 de
954 1601 1060 1666 llondt
1082 1601 1120 1665 ad
1144 1618 1227 1682 opus
1248 1601 1342 1666 trium

258 1699 510 1781 presbiterorum
527 1702 603 1766 dicti
620 1701 744 1765 ordinis
765 1717 823 1766 seu
840 1712 1068 1776 conventuum,
1087 1699 1117 1763 in
1135 1700 1194 1766 hac
1207 1699 1343 1764 liniver-

257 1801 351 1866 sitate
363 1816 474 1866 sacrae
487 1801 667 1883 theologiae
679 1801 890 1878 studentium,
905 1811 936 1866 et
950 1801 1043 1866 unius
1058 1801 1165 1865 lratris
1178 1801 1249 1863 laici
1264 1799 1344 1880 ipsis

257 1899 475 1976 inservientis,
491 1917 551 1964 una
567 1917 640 1964 cum
653 1901 801 1966 domibus
813 1901 916 1966 eidem
930 1900 1067 1983 collegio
1079 1899 1340 1976 adhaerentibus,

255 2007 287 2063 et
308 2008 446 2078 quatuor
471 1999 622 2064 domibus
646 2000 730 2065 circa
759 2001 861 2064 lorum
886 1999 954 2064 sive
979 1997 1209 2064 coemeterium
1237 1997 1340 2062 sancti

254 2097 337 2162 Petri
360 2097 437 2162 dicti
453 2097 562 2179 oppidi
578 2109 610 2164 et
635 2099 738 2179 platea
754 2099 839 2163 diota
867 2099 904 2162 dc
922 2099 1124 2164 Cortcstrcetc
1140 2095 1337 2166 constitutis.

254 2197 443 2262 transfertur
459 2197 489 2260 in
507 2197 627 2262 dictum
643 2198 852 2279 guar-dianum
872 2209 903 2264 et
919 2207 1112 2262 conventum
1128 2196 1339 2278 eiusdemque

253 2297 419 2378 syndicum
434 2297 666 2377 supradictum,
682 2299 841 2362 mediante
855 2297 957 2363 reditu
972 2313 1079 2362 annuo
1091 2296 1339 2378 quingentorum

251 2395 477 2477 quinquaginta
506 2395 702 2462 llorenorum
731 2406 877 2462 monetae
906 2397 938 2460 in
970 2395 1138 2461 Brabantia
1165 2395 1337 2470 currentis,

253 2493 423 2558 redimibili
451 2512 580 2560 nummo
610 2495 736 2560 decimo
767 2505 869 2569 sexto,
898 2513 995 2576 supra
1025 2509 1123 2560 onera
1155 2491 1281 2574 collegii
1307 2502 1339 2557 et

253 2591 421 2657 domorum
438 2595 476 2656 ad
499 2594 785 2676 trigintaquinque
809 2594 950 2658 llorenos
967 2609 1092 2657 annuos
1113 2590 1337 2664 ascendentia;

253 2707 335 2770 quae
346 2691 451 2756 dictus
467 2693 620 2772 syndicus
633 2694 663 2755 in
678 2709 713 2756 se
726 2693 872 2773 suscipit.
887 2691 985 2765 Quem
999 2691 1126 2772 quidem
1139 2699 1338 2755 contractum

235 2787 330 2853 dicti
353 2801 551 2869 exponentes
574 2791 795 2872 supplicarunt
819 2792 925 2864 nobis,
956 2799 989 2855 ot
1014 2789 1203 2854 auctoritate
1229 2795 1338 2852 nostra

253 2889 442 2968 approhare,
471 2888 501 2950 in
531 2890 743 2971 eumdemque
775 2906 969 2954 consensum
1004 2897 1149 2952 nostrum
1183 2886 1338 2966 praebere

251 2991 418 3068 (quatenus
446 3004 502 3067 per
531 3005 589 3052 nos
616 2988 647 3051 id
676 2988 743 3054 lieri
771 2988 875 3064 deberi
898 2989 1115 3069 dignaremur.
1132 2985 1197 3051 Nos
1220 2985 1338 3068 itaque,

250 3091 371 3150 matura
397 3085 629 3152 deliberatione
652 3097 851 3169 tractatuque
880 3101 941 3151 tarn
970 3089 1001 3150 in
1030 3086 1181 3168 plenariis
1208 3083 1336 3150 consilii

252 3185 346 3267 hujus
362 3185 586 3251 Universitatis
609 3188 913 3270 congregationibus
930 3205 1024 3269 quam
1041 3204 1099 3268 per
1118 3187 1288 3267 deputatos
1304 3184 1337 3248 in

252 3283 363 3366 majori
383 3301 516 3350 numero
532 3286 671 3366 desuper
689 3287 815 3362 habitis,
833 3297 966 3360 attento,
985 3287 1069 3366 quod
1086 3303 1142 3366 per
1157 3296 1336 3366 temporum

253 3383 458 3449 mutationem
475 3385 597 3449 reditus
613 3395 644 3449 et
662 3396 838 3464 proventus
853 3385 929 3449 dicti
943 3383 1070 3466 collegii
1083 3391 1132 3462 (ex
1146 3400 1210 3465 qno
1222 3383 1339 3447 domus

252 3482 290 3546 ad
309 3483 392 3546 idern
418 3484 616 3562 pertinentes
633 3485 734 3550 laetae
757 3494 831 3548 sunt
846 3485 998 3549 ruinosae
1021 3495 1052 3548 et
1069 3500 1127 3562 pro
1147 3499 1256 3548 earum
1273 3497 1340 3545 ma·

252 3581 440 3646 nutentione
464 3599 569 3647 annue
587 3583 695 3646 multis
719 3583 893 3663 indigeant)
918 3599 1001 3646 nunc
1025 3581 1154 3646 minime
1179 3579 1341 3644 sufficiant

250 3679 287 3742 ad
318 3680 502 3760 praedictos
529 3691 595 3746 tres
621 3681 818 3762 presbiteros
844 3699 915 3745 cnm
945 3682 1027 3745 laico
1054 3681 1199 3755 alendos,
1224 3680 1340 3760 vixque

251 3795 360 3851 unum,
378 3789 409 3843 et
424 3781 465 3842 ita
491 3781 677 3861 principalis
695 3797 786 3846 mens
802 3780 982 3846 fundatoris
1007 3779 1186 3855 intercidat,
1206 3795 1265 3842 nec
1282 3794 1339 3860 per

251 3877 369 3942 multos
382 3877 446 3958 jam
461 3895 563 3944 annos
577 3881 670 3960 plene
682 3879 853 3945 observata
869 3879 923 3954 sit,
937 3887 991 3950 aut
1006 3878 1171 3944 observari
1186 3876 1336 3958 potuerit.

249 3975 305 4040 sed
335 3993 392 4056 per
417 3979 600 4042 saeculares
628 3987 749 4042 tantum
779 3979 863 4043 dieta
892 3979 1008 4043 domus
1038 3977 1215 4058 collegiatis
1243 3975 1339 4041 luerit

250 4073 399 4151 habitata,
427 4093 490 4141 uno
515 4087 635 4142 tantum
660 4077 813 4160 religioso
836 4077 923 4143 dicto
946 4077 1071 4142 ordinis
1095 4075 1337 4159 crucigerorum

250 4171 353 4238 dictae
369 4174 476 4240 domui
496 4176 698 4255 praesidente
715 4187 795 4243 etex
813 4177 883 4259 eius
907 4176 1117 4258 proventibus
1135 4185 1334 4253 sustentato;
