3236 4952
695 503 819 567 ...165
840 539 880 550 ..

245 682 402 748 rationem
420 683 604 750 redderent.
621 685 661 749 Ut
676 685 825 750 securius
846 685 1046 765 procederet,
1064 685 1253 766 adjunxerat
1271 685 1332 750 sibi

246 781 466 862 archipraesul
496 783 583 849 uiros
611 785 738 864 pietate,
769 784 950 850 eruditione
979 800 1017 849 ac
1048 784 1215 864 prudentia
1243 802 1333 865 prae-

247 887 388 958 stantes3
404 881 551 963 equibus
564 883 750 947 nominatim
765 883 954 948 recensendi
970 883 1034 946 bb.
1049 882 1229 948 humaldus
1241 883 1334 948 laco·

246 979 307 1044 bus
332 980 395 1043 Van
408 981 596 1062 hymenam,
613 999 725 1046 sacrae
750 983 930 1064 theologiae
946 982 1141 1058 licentiatus,
1158 983 1334 1048 callenicus

245 1077 421 1158 graduatus
436 1097 474 1144 ac
489 1079 647 1158 officialis,
662 1081 713 1146 cni
730 1081 884 1146 librorum
901 1082 1114 1146 classicorum
1130 1097 1263 1146 examen
1277 1081 1334 1146 luit

243 1177 470 1253 commissum
489 1179 565 1244 item
576 1179 739 1259 losephus
753 1180 942 1262 llyppolitus
954 1181 1002 1244 llo
1016 1179 1134 1253 Vivier‚
1141 1179 1223 1260 juris
1237 1195 1335 1244 cano-

245 1273 308 1338 nici
322 1275 575 1359 licentiatus‚qni
589 1279 834 1360 archiepiscopo
848 1290 917 1343 erat
929 1297 945 1342 a
959 1279 1107 1344 secretis.
1123 1279 1334 1353 Quaestiones

246 1389 335 1450 veru,
363 1392 445 1455 qnae
471 1378 710 1456 professoribus
738 1378 921 1458 propositae
949 1378 1088 1452 luerunt,
1117 1379 1155 1440 ad
1185 1377 1335 1441 novitiam

247 1469 341 1536 istam
364 1476 548 1554 spectabant
573 1477 765 1553 doctrinam,
781 1494 876 1558 qnam
892 1494 956 1541 non
977 1475 1143 1558 ignorabat
1159 1475 1336 1555 archiepis-

247 1585 348 1651 copus
376 1574 456 1637 tradi
488 1575 519 1638 in
549 1576 731 1640 seminariis
761 1576 965 1657 generalibus
993 1575 1143 1650 Viennae,
1170 1575 1271 1638 Ticini
1298 1591 1335 1638 ac

247 1668 322 1733 alibi
344 1687 362 1734 a
384 1670 525 1752 losepbo
548 1673 677 1738 erectis.
695 1673 826 1738 Duravit
848 1691 1013 1740 eremana
1037 1673 1089 1738 die
1113 1673 1151 1736 10
1168 1672 1271 1738 martii
1294 1673 1333 1736 ad

248 1767 331 1832 diem
345 1769 383 1832 16
393 1769 491 1850 jonii;
506 1780 580 1837 tunc
592 1773 676 1838 enim
690 1773 966 1854 archiepiscopus,
981 1789 1186 1838 assessorum
1199 1787 1332 1836 suorum

247 1867 366 1932 auditis
392 1871 565 1952 sulliagiis,
590 1873 763 1937 declaravit
789 1873 963 1936 summarie
990 1872 1209 1952 professorum
1237 1870 1332 1933 semi·

249 1967 330 2030 narii
357 1968 535 2035 doctrinam
564 1989 627 2038 nou
655 1989 729 2037 esse
755 1971 978 2038 orthodoxam.
1008 1969 1230 2035 professorum
1256 1985 1334 2032 vero

248 2064 287 2128 ad
312 2068 519 2147 quaestiones
543 2069 603 2134 sibi
629 2070 810 2150 propositas
833 2071 1000 2152 responsis
1025 2077 1148 2134 mature
1170 2066 1337 2147 expensis,

248 2166 513 2232 consultissimus
543 2169 580 2231 Ι).
614 2173 656 2232 bu
688 2168 793 2232 vivier
822 2178 892 2234 acta
929 2179 961 2234 et
990 2168 1166 2233 deliberata
1200 2156 1341 2229 instituti

251 2263 418 2340 examinis,
437 2275 498 2329 tam
522 2267 608 2331 circa
623 2267 801 2332 doctrinam
824 2284 918 2348 quarn
935 2268 1020 2332 eirca
1041 2266 1142 2331 libros
1166 2265 1335 2338 classicos,

248 2360 455 2430 demandato
478 2366 713 2446 archiepiscopi
737 2367 768 2430 in
784 2384 854 2431 eam
880 2367 1004 2448 redegit
1020 2367 1166 2440 sormam,
1185 2381 1245 2444 qna
1261 2362 1336 2428 dcin

248 2461 484 2546 archiepiscopi
511 2465 681 2528 Declorutt'o
705 2467 736 2528 in
760 2468 863 2530 lucem
887 2467 983 2530 verrit.
1001 2467 1070 2539 Quo
1094 2473 1236 2544 peracto,
1254 2461 1333 2526 emi-

249 2561 458 2627 nentissimos
481 2566 702 2644 archipraesul
725 2565 777 2630 die
800 2565 932 2646 ibiculi
949 2564 1137 2628 solemniter
1159 2559 1335 2625 declaravit

249 2661 470 2738 professorum
498 2664 661 2727 seminarii
683 2663 843 2743 generalis
867 2664 1044 2726 doctrinam
1068 2659 1225 2722 inmollis
1247 2656 1335 2738 oapi·

250 2757 335 2822 tibus
351 2762 605 2840 reprehensione
621 2763 750 2843 dignum
766 2779 851 2835 esse,
870 2772 901 2826 et
918 2777 980 2826 non
997 2759 1222 2826 orthodoxam.

290 2857 459 2938 Exemplar
477 2861 710 2936 Derlorutiouis,
728 2878 765 2924 ex
782 2860 931 2941 originali
947 2861 1028 2923 olam
1043 2856 1289 2936 archiepiscopo
1305 2865 1337 2920 et

249 2955 365 3021 inrtive
380 2959 588 3040 descriptum,
607 2976 717 3023 mense
741 2970 876 3040 augusto
892 2956 1145 3037 'trudonopotin
1168 2953 1335 3036 diligentia

249 3055 286 3118 ll.
305 3056 342 3118 b.
359 3057 489 3120 Adriani
514 3056 646 3132 Oomen,
664 3074 777 3122 sacrae
801 3057 980 3138 theologiae
1003 3054 1168 3129 licentiati,
1186 3054 1240 3135 qui
1258 3063 1334 3117 tnnc

248 3158 403 3236 temporis
415 3158 570 3237 episcopo
586 3157 812 3236 antverpiensi
826 3167 894 3220 erat
909 3173 927 3220 a
941 3154 1088 3228 secretis,
1105 3153 1332 3219 transmissum

248 3253 321 3318 l'uit:
338 3271 375 3318 ac
393 3271 464 3319 mox
482 3273 499 3319 a
516 3256 713 3336 typographo
731 3255 919 3320 Loraniensi
938 3254 1051 3318 lliclrel
1076 3253 1165 3332 prelo
1181 3250 1333 3315 commis-

248 3368 331 3416 sum.
359 3353 544 3418 Primariam
567 3355 653 3417 illam
678 3355 864 3430 editionem,
884 3354 965 3416 itt-l⁰
990 3369 1060 3433 pag.
1086 3351 1157 3424 111,
1182 3354 1335 3414 curarunt

249 3449 315 3514 itit.
331 3452 393 3514 bb.
410 3453 598 3518 Franciscns
614 3455 634 3518 d
648 3453 763 3527 fleam,
780 3454 908 3516 Lovauii
925 3452 1127 3534 eloquentiae
1139 3447 1335 3512 christianae

248 3551 425 3630 proiessor,
444 3561 474 3615 et
485 3553 623 3616 loannes
637 3552 776 3632 Baptista
792 3553 923 3632 Cypem,
942 3568 1053 3616 sacrae
1066 3546 1247 3628 theologiae
1259 3545 1334 3609 bac-

248 3649 417 3715 calaureus
441 3653 607 3724 immarus,
631 3651 670 3715 ab
694 3667 778 3716 anno
802 3652 880 3714 1191
909 3659 1018 3732 pastor
1041 3651 1072 3712 in
1096 3648 1253 3720 beveren,
1279 3643 1333 3709 nbi

250 3749 285 3812 al
305 3749 408 3812 martii
425 3749 505 3812 tant)
520 3750 611 3814 obiit.
630 3751 663 3814 ln
681 3749 901 3830 suspicionem
918 3749 1006 3813 venit
1021 3745 1215 3812 venerabilis
1230 3743 1333 3806 archi·

246 3849 387 3929 praesul,
401 3849 492 3929 quasi
509 3849 579 3930 eius
592 3849 674 3914 scitu
690 3867 727 3914 ac
738 3866 901 3914 consensu
917 3849 1087 3912 Declarotio
1105 3845 1157 3908 illa
1171 3845 1203 3906 in
1219 3841 1334 3922 vulgos

243 3963 357 4028 sparsa
387 3957 492 4024 esset;
527 3949 611 4030 quod
643 3948 725 4014 laiso
754 3948 958 4013 credebatur.
989 3946 1094 4022 Quare
1124 3942 1335 4008 Bruxellasa

243 4045 400 4126 gubernio
425 4048 603 4112 arcessitur
629 4047 822 4122 cardinalis;
850 4047 908 4111 sed
936 4063 1035 4127 quum
1058 4043 1206 4107 inlirmus
1233 4047 1332 4111 esset,

244 4143 331 4208 misit
355 4145 430 4210 ilinc
454 4145 663 4210 secretarium
687 4163 780 4210 suum
806 4147 851 4210 bn
870 4145 985 4210 Vivier.
1003 4143 1035 4208 ls
1051 4144 1124 4208 loco
1147 4138 1331 4213 cardinalis,

246 4243 300 4323 qni
329 4243 502 4323 prudenter
528 4245 748 4322 delitescebat,
766 4244 932 4309 custodiae
959 4243 1128 4307 mandatus
1153 4241 1232 4314 loit;
1257 4237 1331 4302 inde
