3158 4952
700 487 883 548 -cdu-

244 665 397 730 dominus
414 673 544 729 curatus
562 667 713 746 magister
736 665 892 730 ilenrions
911 664 1057 730 llorlrens
1074 664 1114 729 de
1133 665 1224 738 Beca,
1242 679 1339 728 cura-

247 771 299 828 tus
315 763 417 828 sancti
429 764 538 828 iacobi
558 765 779 838 lovaniensis,
794 765 877 846 cepit
895 781 1026 828 narrare
1038 763 1223 844 diligentias
1236 763 1336 828 factas

246 861 279 924 iu
297 862 358 925 lroc
374 861 512 942 negotio,
526 871 559 927 et
576 864 657 927 inter
672 865 790 929 multos
808 863 979 944 requisitos
995 862 1130 926 idoneos
1146 862 1252 926 solum
1270 879 1337 928 mo·

246 959 383 1024 dernum
406 960 570 1024 dominum
588 962 821 1043 subrogentem·
838 962 913 1027 dicti
935 961 1099 1042 pedagogii
1118 960 1266 1024 Falconis
1289 962 1338 1024 iu-

247 1067 389 1134 ventum,
406 1059 460 1138 qui
478 1058 584 1123 induci
602 1061 703 1140 potnit
719 1062 757 1124 ad
775 1061 949 1142 regentiam
966 1058 1224 1138 suscipiendam;
1243 1075 1335 1139 quem

247 1164 397 1237 tanquam
415 1157 564 1221 idoneum
581 1157 641 1236 ipsi
660 1158 780 1224 domini
797 1156 1010 1223 commissarii
1034 1156 1274 1236 presentabant.
1292 1156 1337 1221 do

248 1257 376 1320 tandem
404 1255 474 1334 ipse
501 1256 652 1322 dominus
677 1268 879 1339 presentatus
906 1272 1098 1337 comparens
1126 1256 1337 1337 personaliter

246 1369 355 1418 coram
379 1353 474 1417 dietis
495 1354 656 1435 deputatis
674 1357 854 1437 proposuit,
871 1373 936 1437 quo
958 1361 1051 1436 pacto
1068 1354 1121 1418 diu
1140 1354 1338 1435 multumque

248 1463 432 1517 recusasset
449 1461 566 1517 tautam
585 1455 788 1534 provintiam,
803 1455 872 1520 suis
889 1454 1031 1518 lrurmeris
1049 1453 1215 1534 imparem,
1229 1453 1342 1534 sepius

247 1551 309 1616 sibi
326 1569 381 1632 per
394 1552 543 1616 dominos
560 1555 801 1619 commissarios
819 1555 959 1636 prefatos
972 1552 1110 1617 oblatam
1127 1563 1159 1616 et
1175 1569 1338 1617 commen·

160 1679 164 1688 «
246 1651 371 1734 datam;
392 1651 550 1715 facultatis
575 1661 678 1716 tamen
696 1653 809 1718 intuitu
828 1671 863 1718 se
879 1653 1005 1716 dicebat
1021 1651 1187 1715 inductum
1204 1652 1243 1714 ad
1261 1667 1338 1732 sepe

246 1749 363 1812 dictam
387 1750 563 1830 regentium
579 1751 829 1832 suscipiendam,
845 1769 882 1815 ac
897 1749 1082 1816 consentire
1106 1749 1337 1829 presentationi

248 1847 288 1912 de
306 1864 443 1928 persona
459 1864 515 1912 sua
533 1849 626 1924 facte,
641 1851 680 1924 si,
696 1849 910 1916 consideratis
923 1849 1054 1913 caritate
1068 1863 1195 1912 nullone
1211 1865 1248 1912 an
1261 1847 1339 1911 diffi-

249 1947 368 2012 cultate
386 1945 480 2028 buius
498 1949 652 2028 temporis
674 1950 833 2032 bellisque
849 1949 1023 2024 continuis,
1041 1948 1183 2028 placeret
1198 1947 1337 2012 dominis

250 2045 423 2126 deputatis,
441 2047 526 2126 quod
553 2049 665 2128 pensio
689 2049 804 2114 domus
820 2049 896 2114 dicti
921 2047 1088 2129 pedagogii
1107 2045 1341 2112 diminueretur

253 2145 291 2208 ad
319 2143 546 2226 quinquaginta
573 2163 742 2224 renenses,
771 2149 812 2212 ita
839 2148 924 2230 quod
951 2156 1078 2212 centum
1110 2146 1338 2227 quinquaginta

252 2259 408 2308 recenses
424 2244 587 2311 dumtaxat
606 2247 773 2328 soluturus
789 2256 876 2313 essct
888 2263 993 2311 annue
1005 2261 1179 2310 successor
1196 2244 1340 2309 moderni

250 2342 411 2422 rugentis3
429 2343 502 2424 quia
518 2345 579 2410 boc
593 2347 724 2411 multum
737 2346 849 2428 iuvare
862 2353 971 2427 posset
987 2353 1213 2425 susceptorum
1232 2360 1341 2424 regen-

251 2439 339 2516 tiam,
365 2449 395 2506 et
423 2459 533 2522 parum
561 2444 691 2511 obesset
720 2445 872 2511 facultati.
897 2445 1019 2520 Quibus
1046 2442 1175 2517 auditis,
1201 2442 1341 2508 decanus

253 2540 410 2620 premissa
434 2543 543 2622 paucis
561 2553 709 2623 repetens
734 2544 916 2625 requirebat
932 2541 1220 2608 deliberationibus
1238 2540 1340 2618 domi:

253 2655 366 2702 norom
383 2657 481 2720 super
497 2643 706 2722 sequentibus
723 2643 866 2707 articulis
886 2661 893 2705 ε
947 2633 952 2642 ’

295 2736 329 2798 ln
348 2739 472 2817 primis,
491 2757 530 2804 au
549 2742 688 2820 placeret
705 2741 900 2822 presentatio
916 2749 947 2804 et
964 2749 1178 2820 presentatus.

293 2838 460 2902 Secundus
482 2849 531 2904 est
556 2858 654 2920 super
681 2842 834 2922 petitione
862 2840 963 2920 ipsius
988 2839 1159 2919 presentati
1187 2849 1219 2902 et
1246 2839 1340 2902 modo

252 2951 325 2998 cum
342 2952 381 3000 eo
397 2938 608 3001 conveniendi
626 2940 657 3000 in
676 2940 858 3020 receptione
874 2941 975 3019 ipsius
992 2939 1029 3000 ad
1048 2936 1236 3018 regentiam.

294 3033 403 3109 Quoad
428 3038 564 3115 primum
587 3055 625 3101 ex
645 3038 931 3103 deliberationibus
954 3037 1159 3101 dominorum
1183 3035 1342 3100 conclusit

252 3133 402 3196 dominus
428 3134 569 3199 decanus
595 3153 691 3216 agere
718 3137 867 3200 dominos
897 3137 1071 3199 immensas
1097 3134 1218 3214 gratias
1245 3133 1342 3198 dictis

252 3232 485 3296 commissariis
501 3233 541 3298 de
556 3234 720 3298 laboribus
743 3243 773 3299 et
790 3235 966 3315 diligentiis
990 3235 1022 3296 in
1040 3233 1101 3297 boo
1124 3232 1253 3313 negotio
1269 3248 1342 3295 sus-

253 3330 357 3410 ceptis
379 3341 411 3395 et
433 3331 537 3406 factis,
555 3333 627 3413 quia
645 3341 707 3396 tam
731 3334 811 3398 bene
834 3333 935 3397 functi
959 3339 1033 3395 sunt
1055 3329 1163 3395 officio
1182 3347 1254 3394 suo.
1273 3330 1341 3394 Pla-

254 3429 321 3492 cuit
343 3429 477 3508 proinde
493 3430 633 3495 dominis
656 3432 852 3512 presentatio
875 3429 1058 3511 hujusmodi
1079 3446 1117 3494 ac
1141 3436 1341 3512 presentatus

253 3529 440 3594 eorumdem
457 3530 660 3595 dominorum
677 3531 985 3596 commissariorum.

296 3627 405 3702 Quoad
428 3629 616 3704 secundum,
634 3631 707 3710 quia
723 3631 828 3694 visum
852 3629 882 3692 id
903 3626 1043 3692 dominis
1067 3627 1152 3691 istud
1178 3627 1340 3707 negotium

254 3742 350 3806 egere
366 3727 612 3800 acceleratione,
628 3737 658 3792 et
675 3728 778 3809 ipsum
797 3737 1014 3808 presentatum
1027 3725 1340 3806 omninojuvandum

253 3843 339 3899 esse,
365 3827 578 3891 consideratis
602 3828 709 3891 multis
734 3827 898 3908 periculis,
924 3826 1041 3907 quibus
1064 3841 1100 3888 se
1128 3841 1185 3904 pro
1209 3823 1343 3888 utilitate

255 3925 414 3989 facultatis
438 3926 580 4006 exponit,
600 3927 738 3991 medium
756 3938 861 3991 autem
885 3927 989 4006 ipsum
1006 3923 1139 4004 juvandi
1163 3939 1200 3987 ac
1217 3923 1344 3987 modum

255 4040 328 4088 cum
343 4025 375 4086 in
389 4025 460 4106 (rio)
474 4025 588 4090 eodem
605 4026 636 4088 in
649 4027 856 4107 susceptione
873 4025 1017 4105 regentia
1030 4021 1345 4098 conveniendieom-

257 4121 414 4187 miserunt
436 4124 557 4188 domini
578 4125 673 4190 dictis
696 4123 929 4188 commissoriis
953 4131 984 4187 et
999 4131 1136 4203 quatuor
1159 4119 1343 4201 regentibus

255 4229 393 4301 quatuor
416 4223 680 4305 pedagogiorum,
698 4224 791 4289 etiam
815 4239 914 4304 snper
938 4221 1133 4286 moderanda
1157 4230 1342 4285 autconoe-
