3158 4952
606 445 791 509 ..325-

156 622 362 694 tro,ludocus
378 624 419 690 de
433 625 536 690 Tilelo
557 626 798 692 et'lbcodricus
814 627 979 700 Pelmans;
998 639 1108 690 coram
1123 621 1241 704 quibus

154 722 300 787 dominus
322 724 467 789 decanus
495 725 585 803 petiit
607 741 624 786 a
646 725 779 789 domino
801 734 932 806 regente
957 725 990 788 in
1012 723 1151 787 Falcone
1171 737 1242 784 res-

154 839 296 902 ponsum,
319 839 404 889 anne
420 825 583 906 placerent
598 824 643 888 illi
661 825 844 902 hujusmodi
860 833 1037 904 concaptus
1060 838 1117 902 per
1131 817 1236 884 domi-

156 938 226 985 num
238 921 398 986 decanum
416 933 618 1003 presentatus
630 932 799 1004 acceptare
815 934 844 988 et
858 932 935 988 tunc
952 936 1133 1004 proponere
1145 917 1242 982 lacul-

155 1020 288 1096 talioni
305 1021 435 1102 quidem
452 1022 602 1087 dominus
618 1039 748 1104 regens,
761 1031 832 1103 post
848 1022 976 1103 longam
995 1016 1240 1092 conferentiam,

156 1119 339 1199 hujusmodi
355 1129 532 1202 conceptus
549 1130 580 1186 et
595 1121 799 1186 conditiones
817 1120 919 1186 noluit
933 1128 1118 1200 acceptare;
1137 1132 1240 1198 neque

156 1217 277 1296 placent
307 1219 459 1284 similiter
484 1220 606 1284 domini
636 1220 777 1302 deputati
803 1221 844 1284 de
870 1218 1053 1302 huiusmodi
1077 1215 1242 1296 concepti-

155 1319 211 1383 bus
225 1335 262 1384 ac
279 1320 522 1400 presentatione
536 1337 574 1385 ao
589 1321 752 1386 oblatione
768 1321 899 1385 domino
915 1318 1037 1399 regenti
1054 1317 1086 1379 in
1099 1315 1237 1380 Falcone

154 1418 253 1482 lactis.
272 1419 505 1492 {lacesserunt
522 1427 554 1483 et
577 1419 625 1484 sic
647 1420 744 1484 nichil
769 1419 799 1482 in
825 1417 1007 1499 hujusmodi
1032 1415 1160 1497 negotio
1185 1430 1241 1494 per

152 1518 314 1582 dominum
340 1519 496 1583 decanum
519 1519 708 1584 conclusum
720 1519 803 1598 ,luit
821 1542 834 1578 n
854 1523 942 1592 Acri,
961 1515 1238 1591 Vll,lol.185v⁰.

194 1667 248 1730 llic
268 1667 357 1742 lune,
379 1671 430 1748 cuj
450 1671 564 1731 mensis
577 1669 651 1749 julli
673 1668 765 1742 tata,
789 1669 868 1734 bora
889 1667 1024 1740 decima,
1048 1665 1166 1729 indicta
1189 1672 1240 1728 est

153 1767 359 1847 congregatio
381 1767 692 1832 facultatis'Primns
715 1767 871 1832 articulus
892 1776 961 1832 erat
983 1767 1022 1830 ad
1046 1762 1239 1830 audiendum

152 1871 323 1929 extremam
341 1865 572 1932 resolutionem
589 1867 711 1931 domini
728 1867 869 1947 regentis
886 1865 917 1929 in
934 1865 1072 1930 Falcone
1087 1863 1127 1927 de
1142 1863 1239 1927 domo

153 1979 187 2026 ac
201 1966 346 2045 regentia
362 1981 433 2030 sua.
451 1965 604 2030 Dominus
621 1983 737 2047 regens
753 1965 902 2030 Falconis
925 1962 1100 2029 declaravit
1115 1962 1153 2025 ad
1171 1961 1242 2026 lon·

153 2077 223 2140 gum
238 2074 383 2127 mentem
406 2080 496 2128 snam
514 2065 657 2129 lacoltati
675 2087 683 2127 :
700 2082 737 2130 se
753 2081 817 2128 non
833 2081 907 2130 esse
930 2062 1118 2128 intentionis
1138 2076 1242 2142 neque

154 2160 183 2223 iu
204 2171 365 2240 potestate
386 2179 445 2228 sua
467 2163 637 2243 reparandi
665 2179 756 2228 snam
778 2164 920 2236 domum,
940 2177 1043 2244 neque
1069 2161 1163 2224 aliam
1179 2158 1241 2224 sibi

153 2275 358 2342 comparare;
383 2262 441 2327 sed
464 2271 635 2327 contentus
652 2279 726 2328 esse
749 2263 780 2326 in
806 2263 954 2326 manibus
976 2257 1136 2326 facultatis
1158 2258 1241 2324 resi·

152 2375 246 2436 gnare
273 2361 469 2441 regentium,
489 2361 583 2426 modo
610 2361 727 2442 aliquis
752 2361 829 2427 velit
855 2359 1032 2443 regentiam
1059 2365 1238 2440 acceptare.

154 2456 259 2523 Posuit
274 2459 429 2524 dominus
444 2461 587 2526 decanus
603 2459 786 2541 hujusmodl
804 2459 969 2541 proposita
992 2458 1023 2522 in
1040 2456 1242 2523 deliberatio-

154 2555 244 2620 nibus
266 2557 487 2634 dominorum‚
505 2559 582 2638 quid
604 2558 637 2622 in
654 2559 839 2640 hujusmodi
862 2558 965 2624 arduo
986 2556 1115 2638 negotio
1138 2555 1180 2621 sit
1195 2555 1241 2618 la-

150 2653 312 2720 ciendum.
337 2655 383 2720 Ex
405 2658 592 2722 eorumdem
619 2658 823 2722 dominorum
851 2655 1138 2722 deliberationibus
1165 2669 1242 2718 con-

151 2753 242 2818 clusit
265 2755 451 2820 facultatem
477 2773 534 2836 pec
547 2755 764 2837 iuramentum
787 2772 862 2822 esse
877 2756 930 2821 die
945 2754 1073 2821 veneris
1095 2752 1240 2835 proxime

149 2855 401 2932 convocandam,
419 2865 450 2920 et
467 2867 543 2920 tunc
567 2873 624 2938 per
640 2865 803 2937 regentem
826 2855 961 2921 eandem
985 2852 1239 2936 propositionem

150 2953 286 3019 lacultati
306 2971 501 3035 proponere,
518 2965 549 3020 et
566 2973 623 3036 per
639 2955 787 3020 nationes
806 2972 905 3036 snper
922 2952 1141 3036 proponendis
1157 2951 1238 3016 deli-

150 3051 272 3118 berare.
290 3077 304 3112 n
322 3055 413 3126 Acri,
431 3054 496 3127 Vll,
515 3054 570 3118 iol.
589 3054 648 3118 tas
663 3066 707 3117 νῦ.

190 3203 247 3265 llic
267 3205 398 3278 omullo,
414 3223 460 3266 aa
481 3207 593 3268 mensis
609 3205 681 3285 julii
698 3205 789 3279 tols,
808 3203 926 3268 indicta
951 3203 1009 3267 luit
1031 3199 1238 3282 congregatio

149 3301 307 3366 lacnltatis
331 3320 388 3383 per
407 3303 635 3384 juramentum.
654 3303 738 3368 inter
756 3319 871 3368 nonam
895 3313 926 3368 et
948 3302 1103 3368 decimam
1127 3301 1237 3372 horas,

149 3399 178 3460 in
200 3401 326 3464 sobolis
349 3401 545 3465 artistarum.
564 3401 691 3466 Primos
714 3402 870 3466 articulus
894 3409 962 3466 crat
984 3401 1022 3464 ad
1047 3399 1237 3464 audiendam

147 3507 320 3564 extremam
341 3501 571 3565 resolutionem
596 3502 665 3565 sire
682 3502 926 3582 responsionem
950 3500 1072 3564 domini
1096 3497 1237 3578 regentis

149 3595 179 3660 in
203 3597 343 3664 Falcone
369 3599 410 3663 de
436 3600 533 3664 domo
558 3617 596 3664 ac
624 3601 765 3680 regentia
793 3616 851 3664 sua
878 3599 966 3680 juxta
993 3598 1235 3663 conclusionem

150 3695 373 3762 lacultatisdie
389 3698 540 3778 lune,va
558 3698 652 3778 bnjns
670 3699 803 3771 mensis,
817 3709 952 3779 captam.
969 3697 1122 3761 llominos
1140 3695 1234 3759 deca·

150 3810 207 3876 pus
228 3797 405 3860 declaravit
429 3807 565 3861 mentem
587 3799 729 3879 regentis
752 3799 783 3860 in
800 3798 950 3872 Falcone,
969 3806 1060 3876 pront
1085 3795 1236 3859 dominus

150 3907 263 3972 regens
285 3893 366 3958 alias
391 3895 420 3956 in
446 3895 553 3958 ultima
577 3895 825 3977 congregatione
849 3895 1009 3960 facultatis
1031 3893 1232 3959 declaravit:

150 4005 311 4084 nonense
338 3993 368 4055 in
396 4003 554 4073 potestate
576 3994 696 4058 domini
725 3995 867 4076 regentis
892 3993 1059 4076 pedagogii
1088 3992 1235 4056 Falconis

150 4105 277 4156 servare
303 4093 584 4174 congregationem
613 4094 838 4174 magistrorum
866 4103 898 4158 et
924 4093 1076 4174 juvenum
1104 4099 1236 4173 propter

151 4184 316 4272 pelagogtt
334 4190 572 4265 ruinositatem;
597 4202 627 4257 el
643 4202 809 4274 propterea
828 4193 993 4272 predictos
1016 4191 1167 4256 dominus
1183 4207 1234 4255 re-
