3236 4952
692 466 731 478 -
755 433 876 498 tae-

281 611 313 675 Si
329 616 434 675 autem
458 618 590 691 propter
605 612 741 695 alieuius
765 622 981 696 paupertatem
1002 623 1056 679 aut
1076 613 1171 678 aliam
1186 613 1325 696 aliquam

238 710 466 775 adversitatem
479 709 597 790 aliquid
614 712 690 776 huie
704 730 847 779 sommae
862 713 934 778 sine
950 713 1108 794 praesidis
1124 713 1218 792 eulpa
1234 713 1327 794 depe·

241 809 342 882 nient,
359 811 422 874 hoe
444 809 471 872 ei
489 809 683 876 resarciatur
705 829 744 877 ex
767 814 982 894 suspensione
1006 814 1135 888 bursae,
1153 810 1240 877 illius
1265 827 1330 876 ma·

240 907 336 982 xime,
353 923 448 988 quam
464 907 592 988 reliquit
607 908 672 984 ille,
691 911 744 991 qui
761 911 911 977 damnum
930 911 1049 976 intulit.

284 1055 396 1120 netum
413 1055 451 1120 lt
469 1056 572 1120 martii
588 1057 663 1121 anni
681 1058 852 1135 [millesimi
873 1057 1136 1140 quingentesimi]
1159 1066 1329 1138 septuage-

241 1170 316 1218 srmr
334 1171 421 1219 nom.

1009 1241 1099 1304 lllrcu.
1118 1257 1155 1302 ne
1171 1239 1244 1302 Bar.

286 1449 330 1512 Ex
357 1450 415 1514 llae
446 1450 570 1514 mortali
597 1450 660 1514 rita
688 1450 728 1514 nd
755 1450 878 1515 beatam
906 1459 936 1515 et
961 1450 1173 1514 immortalem
1206 1449 1333 1515 transiit

242 1548 394 1613 dominns
417 1565 454 1612 ae
478 1549 629 1630 magister
650 1557 761 1614 nostor
780 1549 912 1614 tltelnel
936 1549 1180 1630 oenophorus
1203 1546 1331 1630 collegii

241 1648 361 1711 author
376 1658 408 1713 et
423 1657 561 1724 erector,
578 1649 630 1713 die
656 1649 802 1713 sabbathi
819 1649 905 1714 eima
929 1651 1039 1713 lteram
1060 1665 1177 1713 trenam
1200 1663 1332 1730 vesper·

242 1747 356 1822 tinam,
374 1763 455 1828 quae
471 1758 539 1812 erat
559 1747 629 1813 dies
645 1749 839 1828 septembris
860 1749 982 1814 deoima
998 1757 1101 1822 sexta,
1119 1764 1203 1811 annu
1219 1746 1333 1810 mille-

245 1846 329 1910 sinan
355 1847 611 1928 quingentesimo
637 1847 856 1928 octuagesimo
885 1865 980 1922 none,
1009 1847 1040 1910 in
1064 1847 1211 1912 oultieulo
1240 1861 1331 1926 prae·

245 1945 327 2009 sidis
342 1946 469 2027 collegii
488 1947 661 2026 pontilicis,
680 1963 729 2011 me
746 1947 863 2011 ibidem
882 1957 1062 2027 praesente.

288 2127 378 2201 erorl
392 2137 527 2196 attestor
538 2133 666 2194 lacerus
679 2146 715 2191 uu
728 2128 799 2202 Bar,
810 2137 963 2194 executor
976 2127 1156 2192 testamenti
1171 2125 1328 2206 ejusaem,

289 2227 325 2292 Et
341 2245 400 2309 ege
416 2227 541 2292 laconas
556 2233 743 2301 tanssonrus.
763 2228 943 2293 testamenti
959 2227 1103 2308 eiusdem
1120 2235 1284 2291 executor.
