3284 4956
623 485 785 548 ..99-

188 669 243 731 lare
265 665 498 746 proprietarium
525 665 709 747 paedagogii
733 664 915 730 Staudnnici
939 664 986 728 rel
1009 673 1183 744 regentem,
1207 672 1239 727 et

188 765 336 846 magistros
347 764 532 845 paedagogii
545 782 623 829 suos
635 775 797 844 regentem
811 763 857 828 rel
875 763 1137 843 magistros,cum
1154 762 1238 826 idem

188 873 263 942 pater
277 863 368 942 ipsius
383 863 500 926 domus
512 861 723 926 Standonicae
740 879 802 926 non
815 861 1056 942 proprietarius,
1070 861 1126 924 sed
1140 859 1239 924 admi·

188 961 318 1024 nistrator
340 961 389 1024 sit.
418 960 531 1024 Dicere
557 971 660 1026 tamen
690 961 916 1040 proprietatem
940 959 1124 1040 paedagogii
1147 959 1238 1023 Stan-

185 1057 275 1122 dnnclr
293 1059 327 1120 ad
352 1059 480 1122 domum
510 1057 734 1122 Standonicam
765 1059 923 1138 pertinere
950 1073 1013 1121 non
1041 1056 1237 1136 prohibetur,

186 1171 245 1219 cun
259 1165 289 1220 et
302 1155 329 1219 id
344 1173 452 1220 rerum
469 1157 522 1220 sit.

219 1321 395 1386 duodecimo.
410 1323 450 1386 Ut
466 1339 685 1403 quaecumque
701 1322 765 1386 sint
781 1321 983 1386 fundationes
998 1320 1104 1384 domui
1122 1326 1153 1382 et
1168 1332 1238 1398 pae-

186 1420 302 1501 dagogio
325 1421 535 1486 Slandonicae
564 1439 763 1495 commoneo,
795 1438 868 1484 mox
897 1429 1086 1498 separentur
1115 1417 1173 1492 sic,
1206 1424 1239 1480 nt

187 1519 334 1598 unicuique
359 1520 439 1598 parti
467 1520 625 1586 redituum
654 1520 692 1582 arl
723 1518 927 1583 fundationes
957 1518 1029 1580 illas
1058 1515 1239 1595 assignetur

187 1632 232 1680 sua
253 1618 346 1696 portio
368 1635 425 1697 per
447 1635 484 1682 se
508 1635 650 1699 suosque
669 1618 868 1698 recipienda;
887 1616 970 1697 quod
990 1616 1153 1696 signanter
1168 1612 1238 1677 lieri

187 1714 317 1780 deletio
343 1716 527 1784 fundatione
554 1717 778 1793 Luinneliana;
806 1717 902 1797 idque
931 1714 1018 1795 pacis
1048 1712 1234 1786 seruandae,

187 1828 262 1890 quam
276 1815 453 1879 cummunio
468 1817 547 1880 haec
562 1815 691 1879 turbare
713 1816 806 1888 solet,
825 1829 932 1887 causa,
958 1812 1093 1878 serratis
1110 1810 1237 1876 interim

187 1927 232 1989 per
244 1913 338 1976 omnia
354 1914 479 1993 legibus
495 1913 726 1980 fundationum.

218 2091 323 2154 florino
336 2097 434 2155 tertio.
454 2093 493 2158 Ut
515 2093 698 2158 Standonici
719 2093 948 2174 paedagogium
965 2091 1145 2156 Starrdonclr
1161 2089 1237 2154 visi-

186 2197 279 2264 tentes,
292 2191 317 2253 si
342 2191 374 2253 in
401 2192 514 2255 eodem
540 2191 734 2272 deliquerint
762 2193 810 2255 vel
839 2191 1008 2272 quidquam
1031 2189 1238 2270 castigatione

187 2285 291 2366 dignum
305 2290 524 2354 commiserint
536 2291 568 2352 in
581 2298 757 2371 regentem,
772 2290 1008 2369 subregentem
1023 2291 1236 2368 professores,

186 2385 397 2468 condiscipulus
423 2387 555 2462 aliosve,
580 2405 639 2468 pro
661 2388 794 2452 admissi
821 2389 869 2452 vel
895 2387 1001 2451 delicti
1026 2387 1182 2468 exigentia
1206 2386 1236 2448 in

187 2483 354 2566 paedagogio
369 2487 563 2551 anctoritate
576 2487 737 2551 ordinaria
753 2487 903 2568 castigari
921 2486 1057 2567 possint.

218 2663 323 2728 decano
348 2673 458 2747 quarto
483 2675 512 2732 et
538 2667 658 2732 ultimo.
686 2667 726 2732 Ut
752 2675 940 2747 praesentes
961 2665 1180 2730 ordinationes
1202 2677 1241 2729 ac

186 2759 390 2829 declarationes
425 2776 487 2829 tam
518 2775 609 2847 pater
637 2769 752 2832 tlemus
786 2783 879 2848 quarn
909 2781 1024 2847 regens
1054 2761 1239 2843 paedagogii

188 2857 351 2936 sarronet,
379 2872 454 2927 ante
475 2865 713 2944 susceptionem
736 2863 884 2936 clavium,
910 2879 946 2928 se
965 2868 1150 2926 servaturus
1166 2877 1239 2940 pro-

189 2957 300 3034 mittant,
316 2961 505 3042 minimeque
530 2963 686 3027 adversus
701 2979 757 3026 eas
775 2977 811 3026 se
825 2962 997 3042 quidquam
1014 2967 1236 3034 attentaturoS,

190 3052 251 3119 iisre
268 3059 532 3134 contradicturos;
558 3061 807 3142 submittantque
832 3077 867 3124 se
885 3058 1065 3124 voluntarie
1087 3057 1238 3121 condem·

191 3153 284 3216 radoni
308 3157 343 3219 ad
371 3173 506 3236 poenam
537 3159 734 3222 arbitrariam
762 3158 1044 3239 permagnificum
1074 3156 1238 3219 dominum

191 3259 318 3316 rectorem
332 3255 534 3336 irrogandam
550 3257 582 3319 in
605 3274 681 3322 casn
705 3257 978 3321 contraventionis
993 3265 1046 3319 aut
1060 3254 1239 3320 contradic-

191 3345 275 3504 ἓουίε,
299 3353 421 3430 publica
447 3363 516 3418 acta
542 3355 681 3435 desuper
707 3372 764 3437 per
787 3355 943 3419 notarium
970 3353 1130 3434 publicum
1161 3367 1238 3416 cott-

209 3443 311 3512 cienda.

221 3605 286 3672 llll.
301 3615 445 3678 Aarnsros
461 3616 618 3691 Luranius,
644 3617 823 3692 Glrelensis,
846 3634 929 3682 anno
947 3617 1074 3680 fatain
1095 3615 1237 3697 gerterali

194 3703 239 3766 tlt
251 3711 349 3775 artium
366 3715 590 3796 magistrorum
614 3716 815 3796 promotione
835 3717 968 3798 primus
986 3731 1097 3780 sacrae
1113 3715 1239 3780 tlrcolu-

194 3801 247 3880 giae
268 3807 448 3888 licentiatus,
480 3814 701 3894 plrilosoplriae
727 3817 892 3894 professor
922 3815 1091 3894 primarius
1116 3813 1148 3875 in
1178 3814 1240 3878 lroc

195 3903 473 3988 laedagoginfaetus
486 3923 536 3976 est
548 3915 846 3994 regensannolott
856 3918 996 3994 (eratque
1009 3915 1113 3978 arllruc
1124 3929 1241 3992 regens

196 3995 208 4058 1
219 3997 282 4078 junii
297 4008 386 4084 1633,
413 4027 522 4074 coram
540 4012 681 4086 Leonis).
701 4013 816 4075 llansit
842 4011 935 4074 etiam
953 4017 1118 4092 professor
1133 4013 1163 4073 in
1180 4011 1242 4076 lroc

196 4099 357 4184 llfdtgogio
370 4119 442 4188 pest
454 4119 653 4189 assumptum
670 4108 739 4189 ejus
753 4111 907 4189 regimen.
917 4111 1009 4174 Arrnn
1022 4109 1102 4172 1633
1115 4110 1241 4174 transiit

198 4192 228 4254 ³⁰
239 4204 463 4276 llaesidentiam
486 4207 612 4287 collegii
629 4207 822 4282 lloulerlaei,
840 4218 870 4272 et
887 4209 999 4273 eodem
1015 4209 1142 4272 circiter
1158 4219 1238 4272 tcm-
