3158 4952
644 417 824 483 -369-

230 604 285 667 Dic
312 605 433 680 toartis,
450 605 524 684 arri
541 605 610 684 iulii
637 605 729 681 1569,
754 605 831 670 hora
858 606 966 687 quinta
994 617 1067 687 post
1095 607 1275 688 prandium,

184 701 307 767 indicta
336 711 386 774 est
415 703 623 784 congregatio
653 703 814 768 facultatis
837 704 1089 769 extraordinaria
1107 706 1137 769 in
1154 706 1278 774 scholis

186 801 319 876 artium,
346 800 384 862 ad
413 800 626 882 assignandos
648 812 755 866 certos
781 801 1035 876 commissarios,
1063 804 1117 885 qui
1147 822 1280 871 succes·

187 915 295 965 sorem
319 900 524 964 commodum
548 899 578 962 in
597 900 738 981 regentia
761 901 964 976 falconensi,
978 900 1042 981 iam
1061 918 1117 981 per
1143 913 1279 970 mortum

185 997 382 1063 venerabilis
405 997 476 1074 viri,
493 998 614 1063 domini
639 1009 670 1064 cl
688 1000 829 1081 magistri
849 999 1006 1064 iohannis
1028 999 1113 1065 Cocx
1135 1001 1174 1066 de
1193 1002 1280 1067 Rict-

186 1097 311 1174 lroren,
350 1113 443 1162 sacre
475 1098 589 1179 pagine
624 1097 833 1170 licentiatum.
870 1107 1022 1173 vacante,
1063 1117 1120 1180 pro
1155 1101 1280 1166 honore

183 1195 347 1260 facultatis
363 1205 392 1260 ct
412 1196 579 1277 pedagogii
602 1204 749 1277 querant,
768 1205 798 1261 et
814 1215 886 1261 cum
909 1214 948 1261 eo
964 1197 1025 1262 sub
1051 1197 1150 1263 certis
1166 1198 1276 1264 condi-

189 1295 346 1366 tionibus,
365 1305 476 1375 postea
499 1295 529 1357 in
555 1295 705 1361 facultate
733 1296 947 1374 publicandis,
966 1297 1155 1378 transigant.
1173 1302 1280 1373 Quan-

189 1403 255 1458 tum
286 1393 326 1456 ad
357 1393 443 1458 lrunc
472 1393 642 1458 articulum
680 1395 813 1458 facultas
844 1394 1019 1459 nominavit
1049 1404 1080 1460 et
1116 1396 1280 1476 deputavit

188 1491 356 1556 dominum
379 1492 535 1556 decanum
558 1509 618 1573 pro
641 1500 786 1572 tempore
801 1493 1000 1573 [magistrum
1024 1493 1148 1559 scilicet
1162 1495 1281 1558 lonso-

190 1606 264 1655 nem
277 1590 443 1655 Piermont
454 1590 494 1656 dc
506 1591 677 1670 BruxeliaJ,
692 1591 877 1670 magistrum
891 1591 1096 1656 lielclriorcm
1110 1591 1278 1674 ilickcroy‚

191 1689 382 1770 magistrum
405 1688 564 1754 Matheum
588 1689 709 1763 Botion,
735 1699 896 1771 regentem
924 1690 1026 1764 Porci,
1045 1700 1076 1755 et
1092 1691 1278 1771 magistrum

188 1786 363 1852 otthonem
380 1789 421 1853 de
437 1788 630 1864 Bommelia;
647 1789 763 1870 quibus
782 1790 893 1853 eadem
917 1789 1052 1853 facultas
1068 1789 1154 1854 dedit
1171 1791 1279 1870 plena·

191 1885 270 1951 riam
295 1895 487 1967 potestatem
511 1888 671 1968 cogitandi
695 1899 727 1953 et
748 1889 960 1954 conveniendi
978 1889 1017 1953 de
1040 1888 1281 1954 conditionibus

190 2001 366 2051 cumauro
383 1995 514 2069 regente
528 1987 677 2053 Falconis
694 1988 854 2062 ineundis,
872 2004 944 2052 com
961 1987 1118 2052 relatione
1133 1985 1171 2050 ad
1185 1987 1282 2051 facul-

191 2089 301 2149 tatem.
319 2083 465 2166 Rogabat
486 2085 581 2151 ctiam
601 2085 735 2150 facultas
751 2086 871 2150 dictum
893 2085 1079 2166 magistrum
1096 2083 1280 2159 Otthoncm,

190 2193 351 2264 quatenus
374 2183 428 2248 illo
451 2200 560 2248 curam
573 2184 727 2266 Juvenum
744 2184 937 2266 susciperet,
954 2202 992 2249 ac
1016 2184 1131 2248 iisdem
1149 2199 1282 2264 preesse

192 2281 390 2364 dignaretur,
407 2282 511 2348 donec
531 2292 561 2348 el
577 2299 747 2365 quousque
763 2284 940 2365 pedagogio
956 2285 996 2348 de
1015 2283 1132 2348 idoneo
1149 2291 1280 2364 regente

191 2389 401 2463 prospectum
418 2382 510 2448 foret.
527 2383 618 2458 Acro,
637 2383 717 2458 vili,
735 2383 789 2447 fol.
807 2382 868 2446 342
882 2381 992 2446 v0-343
1007 2395 1048 2446 r0.

232 2579 290 2642 ilie
309 2579 465 2652 mercurii,
489 2580 552 2658 ruij
586 2579 700 2642 mensis
725 2581 849 2660 nupustf
872 2578 963 2652 1569,
990 2578 1107 2643 indicta
1132 2587 1181 2641 est
1203 2593 1282 2641 con-

190 2676 338 2758 gregatio
366 2674 528 2741 facultatis
550 2676 803 2742 extraordinaria
828 2678 859 2740 in
886 2676 1009 2742 scholis
1032 2675 1160 2751 artium,
1185 2691 1284 2755 super

191 2774 404 2856 sequentibus
426 2775 583 2839 articulis.
610 2775 760 2839 Primus:
789 2777 827 2840 ad
856 2775 1049 2840 audiendum
1073 2773 1186 2838 referri
1213 2780 1283 2838 acta

192 2873 396 2939 dominorum
414 2873 713 2938 commissariorum
735 2873 765 2936 in
784 2874 912 2956 negotio
936 2871 1103 2954 pedagogii
1120 2871 1280 2946 Falconis,

190 2982 223 3038 et
251 2972 290 3035 ad
321 2971 576 3046 deliberandum,
607 2988 646 3036 an
677 2973 788 3036 eadem
825 2973 982 3054 placeant.
1015 2970 1209 3036 Secundus:
1241 2969 1280 3034 ad

191 3069 386 3135 audiendum
403 3071 672 3151 supplicationem
688 3071 808 3136 domini
825 3082 857 3136 et
873 3069 1015 3152 magistri
1030 3069 1141 3134 iacobi
1158 3068 1279 3149 sapidi,

189 3185 305 3235 sacrae
321 3170 436 3249 pagine
451 3170 619 3235 licentiati.

230 3267 389 3343 Quantum
419 3268 457 3331 ad
489 3269 627 3348 primum
657 3269 840 3346 articulum,
858 3268 1009 3333 domiuus
1038 3267 1179 3332 decanus
1209 3273 1279 3330 acta

189 3366 397 3432 dominorum
413 3366 711 3431 commissariorum
728 3368 760 3431 in
777 3369 899 3432 scholis
919 3368 1046 3440 artium,
1065 3365 1098 3428 iu
1120 3363 1280 3445 superiori

190 3464 343 3530 cathedra
374 3465 529 3539 existens,
561 3465 688 3545 publice
718 3466 776 3530 toti
804 3465 944 3531 facultati
970 3463 1104 3545 protegit
1122 3485 1128 3526 :
1145 3478 1284 3526 conven-

191 3563 311 3629 tionem
326 3581 364 3628 ac
380 3563 584 3629 conditiones
600 3565 684 3629 inter
695 3566 845 3629 dominos
857 3564 1101 3629 commissarios
1117 3571 1148 3627 et
1164 3559 1282 3642 magis-

192 3673 275 3728 trum
286 3663 440 3728 iacobum
453 3663 617 3744 Sapidum,
633 3666 819 3740 Athensem,
837 3665 935 3728 variis
948 3663 1042 3728 factis
1058 3659 1280 3736 conferendis,

191 3762 320 3826 tandem
348 3779 405 3842 per
430 3763 562 3827 eosdem
592 3773 781 3843 conceptum
811 3780 848 3828 ac
875 3763 995 3826 initam.
1024 3761 1092 3835 Qua
1121 3759 1169 3824 sic
1199 3758 1282 3823 lecte

188 3859 387 3925 unanimiter
400 3876 418 3923 a
433 3859 574 3926 dominis
591 3861 717 3926 laudate
733 3879 770 3925 ac
785 3859 960 3942 approbate
976 3861 1077 3925 fuere.

231 3957 391 4034 Quantum
407 3959 447 4022 ad
463 3960 640 4024 secundum
657 3957 1025 4040 articulumcumparuit
1037 3958 1068 4020 in
1086 3956 1166 4022 facie
1182 3954 1282 4020 iacui-

187 4057 265 4122 tatis
282 4057 435 4138 magister
449 4058 589 4124 lacobus
611 4058 749 4140 Sapidus
764 4059 804 4123 ab
820 4058 913 4132 aeth,
930 4075 1022 4122 sacre
1047 4056 1160 4138 pagine
1180 4054 1281 4118 licen·

187 4153 300 4228 tiatus,
333 4155 521 4234 supplicans
557 4157 596 4220 ad
628 4157 804 4238 regentiam
840 4165 872 4222 el
908 4155 1077 4238 legentiam
1114 4151 1281 4235 pedagogii

190 4251 341 4318 latronis
355 4253 478 4318 admitti
502 4255 563 4320 sub
578 4255 820 4322 conditionibus
844 4271 901 4336 per
915 4254 1065 4320 dominos
1087 4251 1281 4318 commissa-
