3252 4954
776 479 960 542 -tiltt—

319 658 546 726 matronarum
563 660 668 726 soluta
685 669 750 724 tum
767 662 871 725 vincta
889 677 1048 742 peraeque
1062 663 1185 736 dexter,
1203 671 1236 726 et
1250 678 1407 727 consum-

323 769 436 824 matam
463 761 569 840 graeci
593 761 753 826 sermonis
777 760 921 840 peritiam
947 759 1027 828 citra
1055 759 1199 842 magistri
1225 761 1408 826 subsidium

320 867 500 934 assecutus,
517 875 706 942 graecorum
723 859 912 940 praesertim
929 867 1052 940 patrum
1070 859 1218 926 lectione.
1238 859 1316 924 lndc
1333 869 1404 940 post

322 957 483 1026 obtentam
519 957 667 1024 licentiae
697 959 896 1040 theologicae
932 959 1073 1024 lauream
1103 957 1231 1038 collegii
1271 957 1404 1024 minoris

319 1055 546 1138 gubernaculis
575 1057 735 1132 admotus,
767 1067 902 1142 poterat,
941 1065 1118 1139 augurante
1152 1057 1232 1122 lama
1265 1057 1402 1138 publiea,

320 1157 359 1221 ad
399 1156 542 1221 doctoris
577 1158 719 1238 aspicem
754 1158 911 1238 aspirare,
947 1157 1130 1238 stylumque
1165 1157 1297 1221 latinum
1335 1173 1407 1222 cum

319 1271 433 1334 graeca
456 1255 589 1320 scientia
609 1255 760 1338 iungens,
780 1273 893 1320 noram
918 1255 1038 1319 inlerre
1070 1255 1261 1320 Academiae
1288 1255 1405 1332 lucem,

322 1355 353 1415 nl
376 1353 541 1420 maluisset
564 1353 646 1420 intra
670 1353 823 1436 miratam
848 1354 1028 1420 studiorum
1051 1354 1283 1420 conscientiam
1307 1354 1410 1420 latere

320 1451 570 1534 domesticisque
597 1453 757 1518 exercitiis
783 1465 814 1518 et
843 1453 948 1534 pietati
979 1462 1063 1518 totns
1091 1451 1288 1518 incumbere.
1318 1453 1404 1518 istud

322 1549 489 1615 lamellas
515 1561 580 1616 tum
609 1552 744 1616 maxime
767 1553 918 1627 ostendit,
946 1569 1017 1617 cam
1046 1549 1109 1616 diri
1134 1549 1217 1616 Petri
1239 1551 1408 1616 canonicis-

321 1659 524 1730 aggregatus,
556 1649 662 1714 divina
697 1649 801 1716 cilicia
839 1652 1042 1732 frequentare
1071 1649 1214 1724 assidue,
1243 1649 1404 1730 Virginem

320 1745 449 1812 dlatrem
475 1747 609 1830 ejusque
636 1765 791 1830 sponsum
818 1751 973 1830 singulari
996 1750 1082 1814 cultu
1111 1749 1274 1829 prosequi,
1299 1747 1404 1812 doctis

320 1846 442 1925 plebem
461 1845 689 1912 lovaniensem
706 1848 917 1912 concionibus
933 1845 1073 1922 erudire,
1089 1863 1264 1928 agencium
1281 1863 1403 1912 aerum·

319 1961 375 2008 aas
399 1945 568 2012 sublevare
592 1945 622 2008 in
646 1947 770 2012 deliciis
793 1947 914 2012 habuit.
933 1947 1039 2029 honga
1062 1947 1262 2028 aegritudine
1285 1947 1399 2021 victus,

319 2043 368 2122 ple
384 2045 555 2110 admodum
571 2062 589 2109 e
605 2045 685 2110 rivis
701 2047 853 2122 excessit,
867 2047 980 2112 aetatis
996 2062 1081 2110 anno
1096 2046 1163 2120 47⁰,
1176 2045 1295 2110 Christi
1307 2043 1403 2119 taso,

317 2141 357 2205 29
371 2143 494 2224 aprilis.
513 2143 569 2208 Cui
585 2144 736 2225 epitaphii
753 2145 823 2210 rice
838 2144 977 2210 dicatum
994 2145 1056 2209 boe
1070 2144 1233 2209 distichon
1252 2162 1259 2206 :

399 2273 550 2354 Simplice
566 2274 613 2336 rii·
628 2274 743 2339 doctus
759 2275 833 2340 latet
850 2276 909 2339 bac
924 2276 985 2342 snb
1002 2276 1172 2341 marmoris
1188 2275 1309 2346 umbra,

513 2373 628 2454 agerat
644 2373 705 2438 boc
721 2373 843 2449 vivens,
861 2374 923 2440 hoc
939 2374 1114 2440 tumulatus
1128 2374 1205 2456 agit.

356 2519 406 2588 tt.
425 2521 604 2586 Farncrscus
621 2521 746 2592 haarrn,
765 2521 944 2587 Galriensis
963 2522 1133 2598 llibernus,
1151 2521 1275 2587 electus
1291 2539 1308 2585 a
1325 2538 1401 2602 pro·

313 2621 475 2686 risoribus
497 2637 581 2686 anno
605 2621 695 2696 1681,
714 2639 787 2686 cum
801 2621 856 2702 jas
878 2623 916 2686 ad
935 2623 1118 2688 cathedram
1142 2637 1289 2704 graecam
1308 2639 1399 2702 prae-

312 2721 457 2786 tenderet
473 2721 631 2801 liutgerus
655 2721 719 2784 Van
736 2721 793 2786 der
809 2721 928 2802 hergli,
948 2739 1010 2785 non
1037 2721 1097 2786 nisi
1115 2737 1198 2786 anno
1215 2719 1306 2794 1683,
1325 2730 1398 2802 pust

312 2819 492 2886 triennalem
518 2820 606 2885 litem
629 2820 661 2884 in
692 2820 830 2885 concilio
858 2820 1052 2885 Brabantino
1075 2820 1237 2901 agitatam,
1261 2835 1397 2901 graecae

312 2919 437 3000 linguae
461 2920 626 3000 prolessor
648 2920 813 2984 institutus
838 2919 907 2984 fuit.
926 2919 1152 2984 tlorrtrorersia
1176 2936 1214 2984 ex
1229 2935 1269 2983 eo
1291 2918 1395 2998 capite

311 3028 380 3082 orta
396 3028 474 3093 erat,
493 3019 590 3100 quod,
608 3035 681 3083 cnm
698 3030 773 3084 tunc
790 3020 897 3082 nullus
913 3027 1001 3084 esset
1017 3019 1175 3083 ecclesiae
1192 3017 1294 3082 sancti
1313 3017 1396 3082 Petri

312 3117 478 3198 plebanus,
497 3135 549 3183 res
565 3119 604 3182 ad
620 3119 702 3182 duos
719 3119 906 3199 provisores
924 3141 931 3182 ε
952 3117 1159 3182 Franciscum
1180 3117 1245 3180 Van
1262 3117 1394 3192 Vianen,

311 3216 548 3281 sabbatinatum
580 3216 718 3282 thesium
749 3216 941 3298 praesidem,
971 3225 1002 3282 et
1029 3215 1236 3280 Franciscum
1264 3213 1393 3288 Bodatt,

309 3315 491 3380 carthusiae
505 3315 656 3396 priorem,
670 3324 757 3381 esset
770 3315 929 3380 devoluta.
946 3315 1002 3378 ille
1014 3313 1177 3378 aluranum
1191 3313 1240 3377 sui
1254 3313 1394 3393 collegii,

311 3415 486 3495 llutgeram
502 3415 567 3478 Van
583 3414 641 3480 der
656 3414 762 3495 Burgh
785 3415 833 3478 vel
857 3413 920 3476 i'an
937 3414 995 3477 der
1011 3412 1129 3478 Borcht
1145 3414 1195 3490 (l),
1214 3421 1393 3492 promotam

347 3597 385 3668 (l)
406 3597 546 3666 liutgerus
570 3597 629 3650 Van
649 3597 697 3651 der
717 3597 811 3665 Bnrgh
836 3597 878 3650 rel
904 3595 962 3650 Van
983 3595 1030 3648 der
1052 3593 1162 3657 Borcht,
1188 3593 1392 3660 nmerstortius,

308 3704 380 3742 rinno
405 3688 474 3742 1673
496 3687 526 3742 in
548 3687 652 3741 artibus
675 3704 691 3740 e
710 3685 827 3740 Falcone
849 3686 971 3740 decimos
994 3689 1100 3752 sextus,
1124 3700 1217 3739 sacrae
1240 3683 1395 3752 theologiae

309 3780 504 3834 baccalaureus
524 3779 665 3842 formatus,
682 3779 786 3831 electus
805 3777 859 3830 tuit
878 3791 993 3844 graecae
1013 3775 1125 3844 linguae
1145 3775 1282 3845 professor
1301 3773 1336 3828 20
1346 3775 1392 3842 je-

308 3869 399 3923 rluarii
428 3869 510 3936 16813
532 3871 590 3932 sed,
609 3869 786 3923 dissentiente
808 3869 899 3938 priore
918 3865 1074 3920 carthusiae
1091 3865 1270 3919 Loraniensia
1290 3865 1391 3936 (coram

308 3960 413 4014 rrolario
433 3959 575 4030 Woulers)
599 3959 740 4031 pacificam
761 3958 959 4030 possessionem
984 3973 1038 4012 non
1058 3961 1098 4010 est
1118 3961 1270 4009 assecutus.
1292 3955 1390 4008 Factus

306 4049 369 4103 dein
390 4067 462 4104 anno
480 4049 549 4106 1690
564 4057 657 4121 pastor
675 4050 703 4104 in
718 4049 854 4120 Huyssen‚
869 4047 1103 4102 archidioeoeseos
1117 4046 1316 4116 Ultrajectinae
1328 4045 1392 4116 (cfr.

310 4139 368 4194 Van
394 4141 531 4204 ilaussan,
557 4143 683 4196 Htrtorm
708 4146 910 4206 episcopatuum
936 4144 1067 4204 foederata·
1094 4137 1191 4204 Belpir’,
1219 4137 1240 4203 1,
1264 4155 1292 4208 p.
1317 4133 1388 4206 283),

306 4231 406 4284 ibidem
420 4231 489 4285 obiit
501 4232 519 4286 5
532 4231 643 4300 augurati
662 4228 740 4286 1703.
758 4229 925 4284 immeritos
941 4231 974 4284 ll.
992 4230 1020 4286 F.
1038 4229 1126 4290 Nare,
1141 4243 1187 4298 op,
1202 4228 1264 4292 cit..
1280 4245 1305 4296 p.
1322 4224 1388 4292 aab,

308 4327 468 4376 numeratur
481 4321 552 4376 inter
564 4322 729 4392 professores
742 4335 856 4390 graecos
869 4319 979 4388 collegii
993 4317 1157 4374 Buslirliani.
