3222 4950
736 448 921 512 -ddii-

284 630 456 710 primarius
478 630 686 702 curastitutus.
712 645 887 711 pauperum
912 628 1107 693 scholarium
1135 628 1317 694 educationi
1340 647 1377 695 se

283 739 384 794 totum
401 730 538 804 addixit;
552 729 640 811 juxta
659 730 739 795 illud
756 729 910 796 conduxit
931 728 1106 809 hospitium
1129 745 1214 791 anno
1234 729 1324 804 ttttt,
1343 739 1378 795 ut

281 827 1378 910 piusexuiperetundequaqueoor‘rlluentesquosomnesholadiei

277 929 451 992 undecima
475 929 512 990 ad
540 928 736 991 carthusiam
761 927 918 1000 mittebat,
946 936 978 989 ut
1003 926 1051 990 eis
1079 925 1170 1006 partis
1194 943 1267 990 corn
1295 945 1373 1007 nau—

281 1027 355 1090 culo
366 1025 450 1106 jure,
464 1026 731 1106 quemadmodum
744 1035 776 1090 et
791 1025 863 1089 aliis
877 1024 1045 1096 mundicia,
1058 1035 1256 1104 erogaretur.
1271 1025 1372 1106 liuius

281 1126 341 1188 viri
369 1127 514 1206 exemplo
541 1135 573 1188 et
601 1125 716 1204 nietate
747 1127 822 1189 moti
851 1124 892 1204 pii
920 1125 1052 1203 aliquot
1071 1125 1231 1194 immines,
1257 1124 1375 1188 iisdem

283 1217 477 1304 uacua-tuus
500 1224 660 1288 celebrem
687 1223 936 1287 aiuudamentis
964 1224 1094 1286 dornum
1123 1222 1374 1286 exaedificarunt

283 1323 518 1403 dotaruntque;
545 1333 577 1386 et
603 1323 686 1386 inter
712 1333 840 1387 ceteros
866 1320 1047 1384 ludovicus
1070 1320 1302 1394 Grauvitlaeus.
1328 1321 1377 1384 uir

282 1423 365 1500 anud
397 1421 545 1484 Carolum
578 1420 645 1484 Vlll
689 1421 933 1500 potentissimus
974 1430 1006 1483 et
1044 1420 1141 1483 moris
1180 1422 1374 1498 praelectus.

283 1509 422 1584 Vacante
447 1537 504 1599 prr
530 1520 652 1583 obitum
679 1519 808 1583 liuberti
840 1519 1037 1595 Briconneti
1069 1519 1252 1582 oarrcellurii
1278 1520 1375 1583 tran-

283 1619 351 1682 ciae
368 1627 398 1683 et
420 1619 655 1699 archiepiscopi
673 1619 854 1694 Remorum,
871 1635 955 1683 arrrto
980 1617 1059 1680 1497
1078 1619 1273 1698 praesulatu,
1291 1619 1372 1682 elec·

284 1729 389 1782 torum
408 1735 502 1794 unus,
517 1719 615 1782 ileum
636 1719 736 1796 magis
753 1718 875 1782 liabens
893 1733 968 1798 urae
983 1718 1088 1781 oeulis
1104 1733 1198 1798 quam
1215 1718 1373 1792 nominee,

284 1818 383 1882 virum
401 1820 487 1882 lruuc
504 1828 609 1882 tautae
626 1820 727 1881 lamae
745 1829 776 1882 et
793 1819 920 1899 pietatis
936 1818 1099 1897 exemplar
1114 1817 1243 1898 delegit,
1258 1817 1374 1881 ceteris

284 1916 455 1980 Guilielmo
494 1917 702 1994 Briconneto
734 1917 889 1980 cardinali
931 1916 1139 1980 Mucloviensi
1178 1925 1372 1996 nuncupato.

285 2014 548 2094 suffragantibus.
576 2015 626 2078 Lis
653 2016 768 2095 agitata
792 2025 842 2078 est
867 2015 897 2078 iu
922 2014 1009 2078 curia
1039 2013 1225 2087 inrisione.
1243 2014 1377 2094 ejusque

284 2113 412 2176 videtur
429 2113 528 2177 luisse
548 2113 695 2194 coguitor
710 2115 891 2192 (relatorem
909 2115 1033 2190 vocant)
1051 2111 1191 2176 loannes
1209 2113 1374 2186 Plurimos,

285 2224 416 2276 senator
439 2214 679 2292 integerrimus,
704 2215 742 2275 ad
768 2231 861 2292 quern
886 2213 1028 2276 Juaruros
1055 2211 1222 2288 Bantinos,
1241 2229 1375 2292 mugnus

285 2321 376 2374 autea
413 2312 538 2392 collegii
576 2311 739 2375 Nararrioi
781 2313 943 2390 magister.
976 2320 1052 2375 tuuc
1086 2329 1163 2376 vero
1201 2314 1377 2377 mortuellus

285 2409 518 2486 Cluniacensis‚
537 2426 594 2490 pro
611 2410 682 2489 lusu
701 2410 887 2473 Staudculto
904 2410 1052 2490 seripsit3
1070 2427 1165 2490 quom
1186 2427 1258 2474 cum
1276 2410 1376 2474 resci-

284 2509 387 2572 visset
408 2510 516 2573 dicere
541 2509 649 2572 mirari
678 2527 726 2584 se,
752 2512 837 2590 quod
862 2509 1078 2584 Staudoultua
1104 2509 1200 2573 utrius
1223 2509 1375 2590 suffragio

285 2608 395 2684 lullae,
425 2607 615 2672 electionem
641 2625 730 2670 suurn
756 2607 838 2670 tueri
866 2608 973 2682 vellet,
998 2608 1152 2672 iuducere
1178 2619 1314 2672 curratur
1335 2609 1373 2672 ud

284 2707 479 2770 eredendum
494 2706 523 2767 id
538 2706 632 2768 ctiam
647 2705 802 2770 canonice
817 2709 943 2770 tactum.
965 2728 979 2764 n
995 2709 1045 2770 Aa
1056 2707 1157 2787 pluria
1167 2707 1256 2785 sucis,
1273 2705 1375 2787 iuquit

284 2805 362 2866 lucrm
377 2806 562 2878 electionem,
579 2816 641 2868 etc.
659 2807 711 2882 (Ι).
735 2803 878 2885 Denique
900 2821 997 2868 causa
1018 2804 1134 2868 cecidit
1156 2805 1373 2869 Staudonluus.

326 2903 412 2967 Fatis
434 2919 510 2967 vero
536 2904 646 2966 lurrcto
674 2903 801 2978 Cannio,
825 2912 857 2966 et
885 2903 1047 2968 ludovico
1071 2903 1125 2965 llll
1152 2906 1190 2966 ud
1216 2905 1304 2983 regui
1321 2904 1376 2966 lra-

283 3003 384 3067 benus
410 3003 606 3066 succedente
633 3018 717 3066 auno
742 3001 834 3077 ttae,
852 3002 880 3066 ei
905 3011 1077 3082 suspectus
1105 3004 1162 3066 tuit
1185 3003 1226 3066 ob
1250 3005 1377 3083 liuguae

283 3101 474 3165 libertatem.
493 3101 570 3163 Nam
585 3100 754 3179 imprimis,
774 3117 845 3163 uum
861 3118 916 3164 rex
927 3101 1036 3163 lanam
1052 3100 1101 3178 (ἢ),
1116 3100 1220 3164 Caroli
1234 3101 1374 3165 del'uucti

284 3217 445 3274 sororem,
466 3200 584 3263 inritus
606 3199 763 3272 duaisset,
782 3198 821 3260 al)
844 3215 955 3278 eaque,
976 3208 1084 3279 utpote
1107 3217 1145 3262 ex
1168 3215 1229 3279 qua
1257 3200 1376 3263 liberos

285 3314 457 3378 procreare
481 3315 543 3362 non
570 3308 704 3376 poterat,
724 3297 896 3360 divortium
922 3297 1028 3361 lacere
1050 3309 1184 3376 cuperet
1206 3307 1235 3361 et
1251 3297 1374 3361 Aritium

283 3398 410 3460 viduum
437 3398 568 3470 ducere,
596 3415 630 3460 re
658 3397 809 3476 praelatis
836 3407 868 3460 et
892 3397 1052 3477 theologis
1079 3415 1136 3476 per
1161 3397 1374 3460 Alexandrum

285 3497 470 3576 por‘rtiliuem
497 3496 669 3559 commissa
697 3496 736 3558 ad
764 3495 1023 3568 examinandum,
1048 3495 1173 3560 obstitit
1199 3496 1253 3558 ille
1281 3498 1377 3576 uerti-

285 3595 419 3669 naciter‚
438 3611 609 3674 regemque
635 3594 834 3672 corripuisse
855 3594 954 3656 l'ertur
970 3594 1021 3656 liis
1036 3593 1144 3657 verbis
1162 3612 1169 3658 :
1188 3617 1205 3651 u
1224 3595 1293 3658 Non
1308 3593 1378 3657 licet

285 3694 449 3772 repudiare
483 3711 609 3755 uxorum
645 3711 706 3755 atriu
735 3692 952 3771 fortunatium
983 3709 1045 3754 nort
1077 3691 1158 3766 licet,
1186 3709 1222 3755 ec
1252 3693 1375 3764 uinculo,

284 3787 474 3855 introducere
489 3792 603 3868 ulium·
628 3791 772 3854 nonlicet
793 3789 903 3852 ludere
917 3807 1043 3854 uxorem
1066 3789 1185 3867 [radia.
1209 3791 1374 3865 nlleiude.

320 4005 360 4078 (l)
375 4007 505 4069 Bulaeus,
521 4007 589 4060 dans
602 4023 652 4061 son
666 4005 791 4059 Historia
811 4005 1001 4060 Uniocrsttatis
1014 4005 1177 4061 Parsiemis
1191 4007 1235 4078 (V,
1251 4026 1279 4078 p.
1295 4007 1374 4076 900),

284 4097 427 4166 reprnduit
441 4114 477 4150 un
491 4097 592 4152 extruit
605 4096 639 4150 de
655 4097 681 4148 lu
696 4095 778 4150 lettre
791 4095 825 4148 de
837 4095 907 4149 dean
922 4095 1036 4151 Raulio.

322 4185 360 4258 (2)
378 4186 463 4253 June,
475 4187 578 4240 Jeauue
591 4186 625 4241 de
635 4185 739 4251 Volcis,
753 4186 780 4239 la
793 4183 943 4240 iondatrice
953 4184 987 4239 de
997 4185 1098 4240 l'ordre
1107 4187 1155 4241 dea
1166 4187 1371 4242 Annonciadss.
