3202 4948
699 438 824 502 -269
850 473 889 486 -

246 619 333 702 logia
355 627 423 686 tum
446 618 479 682 in
503 617 718 700 philosophia.
741 618 910 688 solemnes
932 638 1010 687 vero
1033 621 1233 702 republicae
1257 639 1338 704 qoo-

249 719 354 784 tannis
370 718 605 800 disputationes
620 725 686 784 tres
699 720 836 800 <praeter
852 721 1144 800 extraordinarias),
1160 721 1337 802 propositis

246 817 418 900 theologici
450 815 629 898 cujuspiam
661 818 841 898 argumenti
872 818 1027 896 thesibus,
1056 827 1088 884 et
1119 819 1270 886 omnibus
1296 837 1336 885 ex

247 917 418 983 Academia
435 933 491 998 per
506 915 632 981 libellos
648 915 699 978 vel
716 927 951 998 programmata
967 917 1104 993 vocatis,
1118 917 1336 984 celebrantur.

247 1015 307 1090 Qui
323 1033 360 1080 11
371 1015 433 1080 hoc
449 1013 562 1080 ordine
577 1011 609 1077 in
622 1013 682 1078 hac
697 1015 809 1078 schola
824 1015 987 1080 assiduam
1004 1016 1186 1096 theologiae
1203 1033 1338 1096 operam

247 1123 375 1189 navant,
393 1113 521 1178 circiter
536 1111 745 1193 quadraginta
770 1121 855 1189 sunt,
874 1121 905 1178 et
927 1131 944 1178 a
968 1114 1019 1178 sui
1042 1114 1167 1179 ordinis
1192 1114 1338 1195 patribus

248 1214 289 1278 ad
304 1212 504 1295 theologicos
519 1227 633 1276 omnes
647 1212 779 1292 gradus,
793 1211 940 1294 adeoque
956 1213 1104 1277 etiamad
1121 1213 1336 1286 doctoratunu

249 1321 385 1395 possunt
401 1311 594 1394 promoveri,
612 1311 748 1376 servatis
764 1319 869 1376 lemen
886 1311 981 1392 hujus
998 1311 1189 1377 Academiae
1209 1311 1338 1394 legibus

247 1413 289 1478 de
304 1411 449 1476 examine
464 1418 495 1475 el
510 1409 783 1490 disputationibus
799 1411 951 1491 praeviis.

291 1626 315 1695 o)
342 1625 459 1681 Emtrott
477 1629 511 1680 de
529 1621 698 1679 l'hcademia
717 1621 895 1678 bononiensis
912 1628 945 1677 dc
968 1623 1149 1687 Venetam,
1172 1625 1304 1690 complete

543 1733 600 1783 par
618 1717 684 1770 Bae
701 1714 742 1787 (2⁰
755 1713 811 1780 cd,
833 1731 879 1786 pp.
905 1711 1040 1786 tae-133).

292 1903 403 1971 Studio
420 1905 517 1970 totius
535 1903 713 1984 praefectus
729 1903 769 1968 ab
784 1903 825 1968 iis
839 1903 991 1985 magister
1008 1917 1124 1984 regens
1139 1901 1338 1983 appellatum

251 2003 344 2084 isque
355 2001 518 2068 ordinarie
532 2009 600 2067 erat
614 2003 646 2066 in
659 2002 874 2068 Universitate
888 2005 1000 2066 sacrae
1013 2000 1337 2082 theologiae'doctor.

254 2103 289 2167 tlt
304 2117 379 2167 vero
393 2101 593 2183 theologicae
611 2103 642 2165 in
658 2103 721 2167 hoc
736 2101 894 2166 coenobio
910 2100 1042 2165 scholae
1055 2099 1195 2188 celebris
1210 2115 1340 2181 semper

252 2199 332 2264 fama
356 2199 424 2264 fuit.
449 2197 638 2265 Claruerunt
664 2199 697 2262 in
724 2215 762 2264 ea
784 2198 844 2264 viri
871 2197 1139 2278 praestantissimi
1165 2219 1172 2261 :
1198 2197 1340 2264 loannes

252 2297 500 2373 Godtlebsdeet
518 2315 630 2364 sacrae
653 2298 835 2379 theologiae
861 2299 976 2363 doctor
998 2305 1030 2362 et
1046 2297 1172 2362 ordinis
1194 2297 1244 2362 sui
1261 2314 1339 2377 pro-

251 2396 410 2472 vincialis,
443 2395 585 2462 loannes
616 2395 829 2478 Panhuysius
860 2395 1002 2461 loannes
1031 2395 1253 2476 Schreybeeclt
1287 2399 1337 2474 ll),

253 2493 442 2571 Eleonorse
458 2495 653 2562 francorum
680 2496 854 2577 regimus
878 2495 1152 2571 confessionibus,
1175 2495 1340 2559 hrnoldus

253 2595 384 2676 Regius,
397 2595 538 2660 loannes
553 2595 660 2668 Cools‚
676 2595 716 2658 de
730 2593 901 2658 Academia
917 2594 1000 2659 bene
1015 2592 1340 2673 meritus,Gt·egorius

253 2693 399 2758 Varetius
425 2693 474 2772 (hl,
492 2702 587 2774 atque
613 2692 666 2756 alii
691 2691 928 2774 quamplurimi.
953 2691 1077 2773 Quippe
1103 2691 1339 2756 1111111111-

256 2801 344 2856 tuum
362 2793 563 2874 belgicorum
580 2799 724 2873 ternpore
747 2789 786 2855 ad
802 2789 999 2856 doctoralem
1021 2789 1054 2852 in
1070 2805 1161 2854 sacra
1177 2789 1340 2871 theologia

254 2891 395 2956 lauream
422 2907 486 2956 non
513 2891 682 2972 pauciores
704 2889 828 2971 viginti,
845 2888 900 2972 qui
923 2889 976 2954 hic
998 2889 1145 2956 doctrina
1171 2887 1251 2954 olari
1267 2903 1341 2970 per·

255 2991 406 3074 tigerunt.

294 3091 386 3155 huno
413 3089 493 3154 1611
519 3089 550 3152 in
574 3089 636 3154 hoc
660 3096 820 3154 conventu
844 3096 971 3152 erectae
997 3087 1087 3152 fuere
1114 3087 1341 3152 humaniorum

254 3188 431 3264 literarum,
458 3188 684 3270 grammaticae
714 3185 960 3267 rhetoricaeque
990 3184 1133 3262 scholae,
1161 3185 1194 3247 in
1224 3185 1342 3266 quibus

252 3289 452 3372 juventutem
482 3287 624 3370 religiosi
651 3287 713 3369 ipsi
741 3286 857 3368 pietate
887 3283 1068 3348 formabant
1094 3291 1124 3349 et
1153 3281 1342 3348 liberalibus

256 3387 379 3453 artibus
402 3387 600 3462 excolebant,
625 3396 657 3452 et
682 3385 858 3466 inquibus
881 3383 1082 3448 Christianus
1108 3383 1174 3446 Van
1198 3381 1343 3461 Langen-

256 3487 372 3560 donoh,
391 3487 519 3568 linguae
534 3485 651 3550 latinae
673 3485 705 3548 in
722 3483 859 3564 collegio
876 3481 1061 3546 Buslidinno
1084 3479 1225 3561 trilingui
1240 3495 1343 3560 quon·

257 3587 328 3652 dam
342 3587 519 3668 professor,
535 3594 569 3649 ut
584 3583 721 3666 ipsemet
733 3582 844 3648 scribit
857 3581 889 3644 in
902 3597 959 3645 sun
972 3579 1142 3644 Vernulaei
1154 3579 1344 3643 Academiae

257 3685 455 3752 continuatio
524 3689 605 3766 (pag.
631 3683 713 3764 133),
732 3683 828 3746 latine
855 3679 943 3760 loqui
970 3679 1093 3743 didicit.
1111 3677 1239 3753 Verum,
1256 3693 1342 3742 anno

257 3786 337 3850 lbet
367 3794 453 3850 erect
504 3794 535 3849 et
563 3790 675 3864 aperto
705 3778 874 3863 gymnasio
909 3777 1134 3843 sanctissimae
1163 3773 1340 3853 Trinitatis,

292 4017 327 4090 (l)
346 4012 976 4077 111111111161111111111111118111111111111
989 4027 1024 4064 eu
1040 4007 1096 4064 lieu
1109 4009 1144 4063 de
1156 4009 1316 4074 Scrpberch.

294 4106 332 4180 (2)
353 4107 376 4160 ll
389 4109 447 4161 faut
466 4107 604 4160 Verentur
617 4123 653 4161 en
668 4104 724 4158 lieu
738 4103 772 4157 de
790 4105 928 4157 Varettus.
