3232 4940
727 387 912 449 -tm-

276 585 354 634 sous
377 569 406 633 le
429 569 502 632 titre
524 567 564 632 de
582 591 589 630 :
607 568 641 633 S.
666 568 812 632 hunoldi
830 570 989 648 Martyris,
1013 567 1231 648 archiepiscopi
1256 568 1364 632 uuolt-

276 672 393 741 rtertsis,
423 667 690 732 Mechlinieusium
726 667 864 749 aposloli,
896 673 974 741 actu,
1013 669 1204 748 martyrium,
1239 668 1363 747 liturpiu

277 768 405 846 antiqua
422 773 451 827 el
462 769 584 846 putria:
607 765 670 828 vol.
689 765 719 828 in
736 766 780 829 4⁰.
798 766 840 831 Ce
856 783 918 847 que
942 766 971 831 le
987 765 1023 828 P.
1040 766 1204 829 Vardaeos
1220 785 1237 845 y
1253 765 1299 829 dit
1322 766 1364 831 de

276 864 496 930 l’aroheveohe
518 863 558 928 de
575 864 657 928 saint
674 864 843 940 Rombaut‚
860 865 900 928 de
916 863 1057 929 l'evdelre
1079 865 1117 926 de
1135 865 1259 936 hublin,
1277 866 1316 928 de
1333 865 1363 927 la

278 979 353 1028 raoe
369 963 476 1042 royale
488 963 528 1026 da
540 979 577 1028 ee
590 964 765 1039 saint‚eto.‚
780 981 796 1026 a
811 962 861 1028 ete'
874 965 1001 1044 utruque
1014 979 1071 1044 par
1083 963 1112 1027 le
1125 962 1199 1044 pere
1212 961 1278 1025 th.
1293 962 1364 1026 Sol-

277 1061 347 1134 lier,
378 1061 440 1124 l'un
471 1061 528 1125 des
559 1061 785 1136 Bollandistes
814 1063 894 1124 dans
925 1062 973 1126 les
1003 1065 1083 1124 Arta
1109 1061 1292 1125 Sanctorum
1322 1061 1364 1124 du

278 1160 293 1221 l
309 1157 425 1238 inillet.

320 1256 366 1320 lle
381 1256 450 1336 eius
466 1257 619 1336 operibus
636 1259 802 1338 sequentia
819 1260 897 1322 haee
913 1258 1018 1322 solum
1036 1257 1233 1336 Waddingus
1252 1279 1258 1317 :
1278 1282 1295 1315 α
1312 1257 1365 1320 l‘a-

282 1379 295 1416 l
313 1355 467 1434 rahntuue
486 1357 594 1435 praelo
618 1364 803 1420 sorrotorum
823 1355 1037 1422 llihernorum
1053 1357 1133 1420 vitas
1150 1365 1180 1419 et
1197 1357 1365 1420 avelustis

283 1454 500 1534 »biographis
520 1454 618 1518 latine
640 1456 852 1535 conscriptas,
872 1467 902 1520 et
927 1457 1041 1520 multas
1064 1456 1143 1519 alies
1169 1456 1271 1534 patrio
1295 1471 1364 1518 ser-

284 1575 298 1613 u
316 1569 410 1618 mone
426 1553 577 1634 scriptas,
595 1569 667 1616 oum
683 1555 822 1618 diversis
839 1555 1076 1635 martyrologiis
1092 1565 1122 1618 et
1138 1554 1366 1635 hagiographis

283 1675 301 1710 »
317 1652 431 1716 eodem
448 1651 597 1716 idiomate
613 1653 818 1731 compilatas;
843 1669 923 1733 quas
938 1651 1076 1717 loannes
1092 1653 1263 1732 Golganus,
1281 1651 1367 1731 ojns-

287 1773 300 1809 t)
318 1750 389 1815 dem
415 1751 551 1815 instituti
578 1761 609 1814 et
635 1751 774 1832 collegii,
804 1768 905 1831 nuper
931 1751 1085 1815 ediderat.
1115 1751 1211 1814 liuha
1240 1751 1368 1830 reliquit

286 1871 299 1907 n
319 1847 525 1912 historiarum
540 1851 713 1930 fragmenta
727 1859 758 1913 el
772 1851 929 1913 illustrata
942 1860 1085 1913 veterum
1100 1848 1322 1928 martyrologia
1337 1870 1366 1908 u.

323 1980 353 2042 8.
378 1981 465 2060 Hupo
482 1983 519 2044 de
536 1983 637 2061 Burpo
652 1993 719 2046 erat
744 1983 781 2046 l8
798 1983 982 2047 novembris
1006 1981 1083 2044 loll
1109 1999 1221 2046 sacrae
1243 1981 1367 2045 theolo-

281 2079 352 2160 giae
368 2080 470 2143 lector
485 2091 516 2144 et
531 2081 773 2146 commissarius
796 2081 957 2162 generalis
973 2081 1228 2144 Recolleetorum
1253 2078 1366 2142 iliber-

283 2193 395 2240 norum
415 2194 470 2256 per
486 2176 688 2242 Germaniam
704 2191 736 2244 et
753 2181 907 2261 Belgium.

323 2307 353 2370 9.
381 2309 505 2373 Patrico
534 2311 723 2392 Flemirtpus,
757 2312 924 2386 irlandais,
957 2311 1129 2384 lledensis,
1161 2314 1207 2372 uir
1238 2311 1309 2391 pius
1338 2317 1368 2371 et

278 2407 431 2488 placidus,
449 2407 484 2472 lit
506 2427 559 2473 ses
579 2411 692 2475 etudes
715 2429 753 2476 au
778 2411 901 2492 college
918 2410 1050 2474 Romaiu
1068 2411 1107 2473 de
1123 2408 1365 2482 saint-isidore,

283 2511 314 2568 et
329 2505 394 2568 vint
410 2521 448 2568 au
466 2506 588 2587 college
604 2509 643 2571 de
659 2508 1107 2574 Saint-Antoinede-Padoue
1123 2507 1140 2570 a
1157 2507 1307 2580 louvain,
1325 2507 1368 2569 oh

282 2603 304 2666 il
327 2603 458 2683 regente
481 2605 510 2668 la
535 2607 749 2686 philosophie.
769 2607 845 2672 ll’ioi
871 2609 955 2672 illut
977 2608 1097 2687 europe
1119 2623 1158 2669 au
1182 2605 1304 2687 college
1327 2605 1368 2670 de

282 2702 494 2766 l'lmmaoulee
523 2705 719 2785 conception
755 2706 795 2771 de
825 2705 961 2786 Progne,
993 2725 1010 2786 y
1040 2707 1193 2786 enseigna
1230 2705 1367 2786 quelque

283 2807 388 2880 temps
412 2801 440 2863 la
458 2803 630 2884 theologie,
649 2814 680 2867 et
703 2804 748 2884 s'y
764 2805 914 2885 appliqua
930 2813 1058 2868 surtout
1083 2803 1263 2867 heolairoir
1281 2801 1368 2864 l'his·

282 2897 364 2960 loire
379 2901 624 2983 eeclesiastique
639 2903 679 2966 de
696 2919 730 2966 sa
747 2904 849 2982 patrie
865 2911 895 2966 et
911 2903 959 2967 les
975 2902 1043 2967 vies
1058 2902 1117 2966 des
1133 2903 1235 2966 saints
1251 2900 1367 2981 qu'elle

284 3009 302 3057 a
330 2998 487 3074 produits.
517 3000 638 3080 Prague
660 2999 747 3064 etant
768 3000 886 3081 bloque
911 3017 966 3080 per
992 3003 1039 3065 les
1066 2999 1262 3081 heretiques,
1285 2999 1307 3062 il
1333 3014 1370 3062 se

285 3095 381 3158 retira
404 3113 444 3160 on
470 3099 656 3180 Allemagne
678 3116 755 3164 aveo
782 3117 842 3165 son
869 3116 1070 3180 compaguon
1098 3099 1248 3164 llatthieu
1272 3099 1370 3173 liner,

285 3201 317 3258 et
333 3193 378 3258 lut
396 3195 455 3260 mis
470 3195 488 3259 a
505 3208 587 3262 mort
603 3199 741 3278 pendant
757 3217 793 3262 sa
809 3199 887 3264 luite
904 3215 961 3278 par
977 3215 1038 3262 une
1055 3200 1157 3262 bande
1177 3199 1216 3261 de
1233 3211 1371 3277 pausans

285 3292 481 3375 heretiques,
499 3298 552 3377 qui
576 3314 614 3362 en
639 3299 758 3362 voulait
774 3299 1039 3380 prirtoipalement
1061 3313 1120 3360 aux
1145 3296 1312 3377 religieux,
1329 3311 1370 3358 eu

286 3391 378 3457 lota.
407 3395 518 3458 Blesse
543 3413 583 3460 en
610 3396 772 3476 plusieurs
798 3396 954 3469 endroits‚
979 3397 999 3458 il
1026 3404 1081 3460 eut
1106 3395 1233 3459 ensuite
1252 3393 1282 3456 la
1309 3393 1372 3457 tete

287 3495 405 3561 lendue
421 3493 496 3558 d’un
512 3511 593 3576 coup
608 3495 648 3559 de
667 3495 778 3559 haphe.
796 3494 860 3560 Son
877 3511 1076 3574 compagnon
1095 3494 1139 3557 lut
1154 3491 1280 3556 attaohe
1295 3490 1312 3554 a
1329 3507 1371 3554 un

287 3594 381 3658 arhro
407 3601 437 3657 et
467 3593 563 3673 perce
588 3595 628 3658 de
658 3595 760 3657 lraits.
792 3594 943 3668 ullaheo,
971 3593 1077 3673 ajoute
1107 3591 1241 3672 Paquot,
1270 3588 1372 3654 saneti

288 3691 474 3758 Columhani
488 3702 518 3756 et
530 3693 665 3757 aliorum
678 3703 862 3758 sanctornm
878 3693 959 3756 uitas
972 3703 1004 3756 et
1016 3691 1172 3772 opuscula
1185 3697 1374 3757 ooauerrata

287 3801 318 3858 et
341 3792 580 3856 commentariis
602 3791 766 3856 adornata.
792 3791 876 3855 llaec
898 3791 930 3854 in
958 3807 1054 3854 unum
1079 3802 1199 3854 tomum
1225 3793 1311 3868 (puto
1334 3787 1374 3851 de

287 3891 351 3956 hou
363 3901 394 3954 et
410 3891 612 3970 praecedenti
628 3895 731 3970 agere)
748 3889 887 3964 redacta,
900 3899 1070 3969 antequam
1084 3887 1215 3968 Pragam
1232 3883 1375 3966 prollois·

286 3998 427 4058 peretur,
450 3989 611 4052 commisit
632 3987 765 4060 lloreto.
791 3987 989 4069 typographo
1016 3985 1254 4065 Antrerpiensi,
1279 3999 1375 4048 exou-

287 4085 402 4152 denda.
