3130 4956
649 505 837 569 -aaa-

242 686 273 748 5.
297 687 476 750 successor
487 684 590 750 solvet
604 685 765 765 magistris
779 685 923 766 exposita
939 687 977 751 ad
992 705 1083 753 usum
1099 704 1283 754 mensarum

201 783 263 864 bijs
291 783 445 864 proximis
471 783 598 862 diebus,
622 801 641 848 a
663 794 806 866 tempore
828 786 1055 868 resignationis
1077 787 1209 852 alterius
1233 803 1287 856 re-

202 884 319 964 gentis.

244 1081 442 1163 Supplicarit
463 1099 590 1163 333333
612 1082 760 1147 dominus
775 1082 958 1148 licentiatus
974 1084 1125 1164 magister
1140 1085 1286 1152 Tbecdo·

202 1179 291 1244 ricus
314 1179 450 1244 llaelcot
472 1195 490 1244 a
513 1179 653 1244 lovanio
676 1197 733 1260 pro
759 1181 900 1263 regentia
922 1190 954 1246 ct
968 1182 1104 1263 tegentia
1121 1184 1286 1266 pedagogii

202 1277 286 1340 lilii.

244 1475 396 1540 Exhibuit
430 1484 592 1556 postremo
628 1477 893 1559 supplicationem
925 1479 1074 1560 magister
1104 1479 1285 1547 Waltherus

201 1575 454 1655 Angiportanus
491 1583 638 1656 tanquam
668 1593 684 1639 a
714 1577 853 1641 dominis
883 1579 1113 1644 commissoriis
1142 1581 1284 1662 iniquius

204 1681 370 1746 tractatus,
383 1673 517 1754 cupiens
530 1691 586 1754 per
596 1675 776 1740 facultatem
788 1676 850 1740 sibi
864 1677 1027 1741 meliorem
1040 1695 1284 1758 recompensam

204 1788 262 1852 pro
277 1771 396 1847 officio,
414 1772 499 1853 quod
516 1773 652 1853 prestitit
668 1774 820 1847 facultati,
837 1775 998 1839 constitui.

244 1969 367 2043 Quibus
393 1969 542 2033 omnibus
564 1969 596 2032 in
612 1970 760 2033 facultate
782 1970 873 2034 lectis
893 1987 930 2034 ac
946 1971 1098 2046 recitatis,
1116 1975 1285 2052 proposuit

205 2067 356 2132 dominus
391 2069 532 2132 decanus
561 2069 593 2130 in
622 2068 884 2133 deliberationem
912 2079 1082 2149 sequentes
1111 2071 1283 2147 artioulos;

204 2182 341 2246 quorum
366 2166 488 2245 primus
511 2175 559 2231 est
577 2187 584 2228 :
601 2167 648 2228 lln
672 2167 816 2246 placeant
831 2175 900 2230 acta
916 2167 1116 2231 dominorum
1134 2169 1284 2234 commis-

203 2264 374 2336 sariorum,
385 2273 569 2328 contraotus
583 2272 615 2328 et
630 2263 715 2326 illius
731 2264 934 2328 conditiones
949 2282 1022 2329 cum
1038 2266 1168 2331 domino
1183 2268 1284 2332 licen·

204 2363 281 2426 tiato
304 2360 438 2426 llaelcot
461 2362 550 2424 initi?
565 2372 596 2426 et
611 2363 704 2426 simul
723 2373 756 2426 ut
770 2364 942 2443 dignentur
957 2364 1135 2429 deliberare
1149 2367 1283 2440 domini,

204 2461 279 2542 quid
305 2477 363 2540 pro
385 2460 585 2542 gravissimis
608 2461 697 2525 bisce
719 2461 882 2526 laboribus
906 2463 1026 2542 placeat
1045 2464 1184 2528 dominis
1200 2482 1286 2529 com·

207 2559 365 2624 missariis
389 2560 550 2624 ordinare.
578 2561 744 2625 Secundus
762 2578 770 2623 :
786 2563 834 2624 An
861 2561 981 2642 placeat
1003 2563 1165 2626 dominum
1184 2565 1285 2628 licen·

207 2659 317 2722 tiatum
335 2659 469 2722 blaelcot
481 2659 542 2722 sub
557 2659 796 2724 conditionibus
812 2660 928 2724 auditis
941 2661 1108 2725 admittere
1120 2663 1158 2725 ad
1171 2679 1285 2743 regen-

206 2757 280 2822 tiam
304 2766 335 2822 et
354 2757 525 2838 legendam
542 2757 705 2838 pedagogii
721 2759 802 2822 tilii.
819 2759 946 2823 Tertius
963 2782 970 2822 :
988 2763 1036 2822 An
1053 2761 1173 2840 placeat
1189 2763 1285 2826 simul

203 2855 268 2938 jam
293 2857 477 2934 provisores
499 2855 568 2936 ejus
583 2857 698 2921 domus
715 2857 889 2932 nominare,
907 2875 945 2920 an
964 2859 1118 2923 maturius
1134 2877 1285 2940 superea

204 2972 239 3019 re
257 2955 437 3020 deliberare
458 2965 490 3020 et
511 2956 711 3021 committere
733 2957 892 3036 deputatis
914 2957 1085 3022 ordinariis
1102 2975 1174 3022 cum
1189 2976 1284 3024 assu·

206 3053 344 3118 mendis.

244 3151 288 3214 Ex
318 3151 603 3216 deliberationibus
632 3152 833 3216 dominorum
862 3153 1021 3217 conclusit
1050 3154 1199 3219 dominus
1229 3155 1286 3221 de-

203 3265 304 3314 canus
321 3271 330 3312 z

244 3347 404 3422 Quantum
427 3348 466 3412 ad
490 3349 637 3428 primum,
656 3349 781 3428 placere
797 3357 865 3412 acta
880 3349 1082 3414 dominorum
1099 3351 1286 3416 commissa·

204 3447 339 3521 riorum,
363 3463 465 3526 eaque
488 3455 553 3508 rata
575 3463 649 3511 esse
672 3463 709 3511 ac
731 3457 837 3528 grata;
856 3448 980 3526 placere
996 3466 1122 3529 333333
1138 3457 1286 3514 contrac-

202 3555 270 3609 tum
292 3545 408 3607 initum
427 3544 510 3608 inter
530 3543 709 3608 facultatem
729 3555 761 3609 et
775 3545 939 3608 dominum
956 3545 1150 3611 licentiarum
1169 3550 1287 3628 inagis-

206 3651 288 3706 trum
315 3641 547 3706 Theodericum
575 3643 726 3719 llaelcot;
750 3642 825 3706 item
848 3644 974 3723 placere
994 3657 1177 3710 contractus
1198 3646 1286 3712 iliius

205 3741 424 3814 conditiones,
451 3741 539 3805 salvo
564 3743 649 3822 quod
671 3741 792 3805 domiui
815 3743 999 3822 provisores
1022 3761 1080 3824 per
1102 3745 1285 3810 facultatem

204 3839 313 3903 domui
340 3839 538 3920 pedagogiali
569 3840 637 3902 tttti
668 3841 851 3919 preficiendi
881 3841 1065 3922 diligentius
1095 3845 1284 3919 examinent,

207 3939 291 4002 unde
312 3938 426 4001 baberi
450 3937 549 4017 possit
571 3953 607 4002 ca
629 3954 764 4012 summa,
781 3955 844 4019 333
864 3939 894 4000 in
912 3941 1130 4020 reparationes
1146 3942 1285 4006 omissas

205 4049 237 4100 et
258 4037 324 4117 jam
352 4037 385 4098 in
410 4051 507 4099 novas
529 4035 607 4100 alias
629 4035 867 4101 aedificationes
883 4038 1094 4118 impendenda
1109 4042 1206 4105 venit.
1224 4040 1285 4105 Sti-

207 4135 312 4215 pendii
336 4143 444 4197 autem
468 4153 525 4215 pro
546 4134 608 4216 hijs
630 4135 832 4199 dominorum
852 4127 1145 4203 commissariorum
1160 4139 1284 4220 gravis·

203 4235 295 4300 simis
311 4233 481 4298 laboribus
495 4233 742 4315 assignationem
757 4234 959 4298 committunt
975 4236 1094 4300 domini
1110 4237 1283 4302 ordinariis

202 4332 383 4416 deputatis,
404 4333 573 4413 assumptis
598 4331 693 4398 simul
718 4333 857 4398 dominis
879 4334 1039 4400 licentiato
1063 4335 1230 4402 Pcelmans
1251 4349 1284 4402 et
