3236 4952
789 459 848 522 nt
871 495 910 504 -

270 641 378 722 periit,
396 641 540 706 etaltera
556 657 633 706 vero
649 641 689 704 45
714 640 912 706 llorenorum
935 637 1009 704 buic
1032 637 1169 721 collegio
1185 646 1234 703 est
1249 637 1360 704 incor-

316 757 348 803 ra
366 755 394 802 a.

270 749 452 902 poBatrbara
469 839 654 911 lloorkens,
673 838 824 918 magistra
841 836 928 918 parvi
942 835 1121 918 beghinagii
1137 834 1357 910 lovaniensis,

270 937 411 1002 moritur
426 953 510 1000 anno
529 936 618 1012 1578,
637 937 655 999 d
668 937 758 1018 julii;
776 935 892 1016 adjecit
908 935 1039 1000 bursam
1056 951 1164 1000 unam.

268 1121 294 1182 bl
315 1119 427 1172 Ectrcit
446 1122 484 1170 du
498 1117 689 1188 Rapporl,sur
708 1116 786 1172 l'elat
799 1117 846 1172 des
865 1117 986 1187 collegas
1004 1115 1199 1189 academiques
1217 1133 1251 1170 en
1275 1115 1355 1172 1589.

313 1255 480 1336 callepium
510 1257 608 1318 suncti
637 1257 819 1336 Artpurlini.
852 1289 891 1304 -
921 1254 1122 1320 Venerabilis
1155 1263 1187 1319 et
1222 1254 1358 1319 eximius

269 1355 421 1420 dominus
435 1354 568 1420 michael
581 1356 622 1419 du
637 1357 714 1436 Bay,
728 1371 840 1420 sacrae
855 1353 1017 1436 thologiae
1029 1355 1196 1436 professor
1207 1361 1239 1418 et
1253 1353 1358 1418 diotae

269 1453 428 1520 ecclesiae
451 1454 552 1518 saneti
570 1455 654 1518 Petri
678 1454 832 1528 decanus,
850 1454 882 1517 in
907 1471 992 1518 anno
1008 1452 1180 1518 millesimo
1202 1453 1358 1534 quingen-

270 1553 387 1618 tesimo
424 1552 662 1633 septuagesimo
704 1562 832 1632 octavo,
869 1552 1032 1617 transtulit
1068 1567 1176 1617 coram
1217 1550 1359 1616 scabinis

270 1651 528 1717 bononiensibus
545 1653 701 1731 quandam
719 1669 808 1717 suam
826 1653 969 1726 domurn,
983 1652 1075 1715 sitam
1093 1667 1190 1731 supra
1209 1650 1358 1732 Lcydarn,

271 1767 309 1815 ex
337 1767 398 1834 qrra
429 1750 532 1815 erexit
560 1751 730 1832 collegium
759 1768 817 1832 pro
844 1751 1001 1816 studiosis
1027 1765 1140 1815 sacrae
1165 1749 1357 1831 theologiae,

270 1851 345 1915 dato
363 1849 407 1912 illi
434 1849 563 1914 nomine
579 1850 706 1932 collegii
730 1851 832 1916 saneti
849 1850 1030 1932 Augustini.
1047 1849 1093 1914 nd
1117 1849 1209 1930 eujus
1232 1848 1358 1930 collegii

271 1947 533 2011 intertentionem
560 1947 723 2012 transtulit
748 1965 876 2030 quoque
903 1949 1027 2014 reditus
1053 1949 1182 2014 oireiter
1204 1947 1243 2012 ad
1266 1947 1359 2028 quio-

270 2045 421 2126 quaginta
444 2044 599 2118 florenos,
617 2063 753 2126 quorum
770 2047 834 2112 duo
856 2048 894 2112 nd
912 2047 1040 2128 triginta
1063 2047 1204 2130 quinque
1219 2046 1359 2112 llorenos

269 2143 430 2208 debentur
445 2159 462 2206 a
478 2143 619 2208 statibus
636 2143 837 2210 brabantiae.

313 2242 347 2305 ln
365 2242 428 2308 boc
443 2242 580 2323 collegio
597 2243 759 2323 praelatus
774 2244 925 2310 lundator
940 2243 980 2309 ab
992 2245 1084 2310 initio
1099 2244 1221 2326 aliquot
1236 2242 1359 2309 studio·

271 2356 328 2406 sos
351 2335 490 2416 admisit,
509 2339 574 2406 illis
598 2359 655 2422 pro
680 2359 736 2408 sua
759 2343 955 2410 discretione
978 2352 1010 2410 et
1025 2343 1215 2410 liberalitate
1237 2343 1277 2408 de
1297 2359 1358 2408 suo

271 2439 468 2521 assignando
499 2440 626 2522 aliquod
659 2441 877 2523 pecuniarium
908 2442 1100 2517 subsidium,
1129 2459 1187 2524 per
1211 2441 1358 2524 singulos

272 2555 402 2604 menses
419 2539 448 2604 id
466 2539 634 2605 solvendo.

314 2637 391 2704 Post
414 2638 540 2710 deinde.
559 2639 665 2704 oblata
689 2640 860 2705 occasione
883 2639 1048 2721 cujusdam
1073 2639 1215 2704 liberalis
1237 2637 1358 2704 contri-

271 2736 414 2801 butionis
431 2754 487 2817 per
509 2737 673 2802 dominum
691 2738 849 2804 Victorem
867 2739 1034 2820 Slungere,
1053 2748 1214 2820 pastorem
1237 2737 1299 2802 loci
1319 2737 1359 2802 de

269 2833 471 2900 Oerskercko
487 2838 537 2914 (l),
550 2837 590 2900 ad
607 2853 720 2902 manus
736 2838 812 2902 dicti
829 2839 1008 2902 fundatoris
1023 2838 1063 2902 de
1079 2837 1183 2903 reditu
1200 2837 1357 2918 quiuqua-

272 2933 358 3014 girata
389 2934 585 3000 florenorum
622 2952 719 3016 super
753 2937 880 3002 civitate
908 2937 1146 3017 antverpiensi,
1179 2944 1289 3016 postea
1319 2934 1358 2998 ad

272 3031 428 3096 minorem
455 3050 612 3098 summam
641 3035 783 3109 redacto,
802 3047 834 3100 et
861 3044 968 3118 parata
996 3035 1128 3116 pecunia
1156 3041 1282 3114 emptus
1308 3044 1360 3098 est

272 3130 355 3194 alius
385 3131 508 3195 reditus
537 3132 765 3214 quinquaginta
796 3133 991 3199 llorenorom
1023 3151 1061 3199 er
1092 3133 1211 3214 majore
1241 3132 1357 3208 reditu,

270 3245 365 3310 quem
389 3230 579 3296 domicellus
598 3231 732 3297 Carolus
755 3249 814 3296 van
831 3232 894 3298 den
910 3233 1041 3314 Temple
1064 3233 1125 3297 sibi
1149 3232 1224 3296 olim
1251 3247 1358 3296 reser-

271 3327 356 3391 vavit
378 3346 477 3409 super
498 3338 583 3394 certa
605 3330 677 3394 uilla
702 3347 760 3396 seu
783 3331 910 3396 colonia
934 3347 991 3411 per
1014 3331 1118 3412 ipsum
1142 3331 1269 3396 vendita
1293 3329 1361 3394 col-

272 3426 356 3508 legio
373 3427 551 3493 sabaudiae
577 3429 607 3491 in
629 3429 715 3494 diota
731 3429 946 3494 Universitate
967 3429 1170 3494 Louaniensi.
1190 3427 1271 3493 lluic
1292 3427 1360 3492 col·

271 3524 357 3605 legio
379 3527 485 3590 dictus
509 3527 657 3592 laudator
680 3529 915 3608 praesidentem
942 3528 1110 3593 constituit
1136 3527 1300 3592 dominum
1328 3535 1361 3591 et

271 3624 459 3704 magistrum
470 3625 623 3690 iacobum
638 3625 839 3702 lansonium,
853 3643 965 3690 sacrae
980 3626 1162 3708 theologiae
1179 3625 1357 3703 doctorem,

272 3722 332 3787 sub
345 3724 514 3788 commodo
524 3724 620 3789 unius
632 3725 749 3791 bursae
761 3726 890 3808 triginta
904 3721 959 3790 seri
973 3726 1169 3791 llorenorum
1182 3725 1357 3789 dumtaxat.

314 3821 358 3885 De
372 3820 468 3902 bujus
491 3821 668 3890 directione
690 3825 777 3890 dicto
800 3824 938 3906 collegio
962 3825 1101 3890 occessit
1124 3825 1186 3889 boe
1208 3831 1360 3888 currente

271 3935 357 3984 anno
368 3919 492 3986 reditus
505 3922 706 4004 septuaginta
719 3923 854 3988 duorum
871 3919 1067 3986 florenorum
1084 3922 1122 3986 ad
1139 3921 1359 3986 fundationem

271 4017 441 4083 bursarum
456 4036 513 4100 pro
522 4019 803 4102 ilarlemensibus;
817 4021 870 4104 qui
886 4029 1047 4102 praeterea
1061 4022 1099 4086 ad
1114 4022 1175 4085 boo
1188 4019 1361 4101 diligenter

308 4197 346 4268 (l)
364 4196 445 4252 Lisoc
463 4199 596 4253 Victorem
609 4207 642 4255 de
654 4201 809 4274 elisachare,
823 4212 962 4270 pastorem
974 4208 1025 4256 loci
1038 4209 1071 4257 dc
1086 4204 1244 4258 Oostburolu
