3248 4954
739 393 924 464 „ppp-

288 575 381 643 ianus
404 572 649 642 ecclesiecdici
672 573 770 648 Petri,
794 573 874 640 obiit
895 590 980 638 auno
1003 572 1097 650 teon,
1118 571 1157 636 93
1181 571 1376 638 decembris.

288 673 348 738 flio
373 691 430 754 per
455 682 644 740 executores
668 689 746 738 suos
773 673 949 738 adrinnun
972 671 1139 743 Florentii.
1164 671 1319 738 decanum
1347 681 1379 738 et

287 773 526 847 cancellarium,
549 772 705 837 ioannem
733 771 896 854 Calentym
921 771 1167 852 subplebanum,
1194 779 1226 835 et
1251 771 1379 836 Petrum

213 937 217 945 ,
287 871 353 936 Van
380 872 438 938 dcr
463 870 559 946 Beke,
584 869 728 936 fundarit
754 880 878 952 septem
906 871 1021 937 bursas
1044 887 1100 936 seu
1127 869 1293 951 portiones
1320 885 1379 948 pro

286 980 410 1051 septem
433 970 636 1038 studentibus
659 971 692 1034 in
715 970 864 1036 facultate
887 969 1015 1046 artium,
1041 969 1236 1053 pauperibus
1259 969 1376 1033 desua

286 1069 461 1150 parentela,
479 1079 545 1144 aot,
562 1069 589 1134 si
607 1069 638 1132 bi
658 1086 721 1134 nou
738 1070 815 1144 sint,
833 1086 891 1150 pro
908 1068 1104 1150 pauperibus
1120 1067 1229 1148 oppidi
1248 1067 1379 1132 biecbli-

287 1168 412 1236 niensis
424 1177 456 1236 et
471 1168 589 1250 villagii
604 1169 645 1234 de
659 1167 813 1234 Musenis.
828 1168 1079 1250 Gbristopborus
1092 1184 1109 1231 a
1122 1165 1373 1240 triectenbeke,

287 1265 517 1341 bonomensis,
535 1283 647 1332 sacrae
665 1267 847 1348 theologiae
870 1267 1065 1341 licentiatus,
1084 1276 1195 1346 pastor
1217 1261 1377 1330 ecciesiae

287 1367 389 1432 sancti
418 1366 551 1431 Joannis
577 1365 685 1445 oppidi
719 1365 960 1431 biecbliniensis
990 1368 1040 1444 ti),
1067 1365 1148 1432 obiit
1174 1373 1265 1450 peste
1290 1379 1376 1430 enno

289 1467 381 1540 tots,
398 1476 430 1532 et
446 1467 521 1532 buic
536 1465 674 1546 collegio
691 1466 842 1531 munifice
858 1464 986 1548 adjecit.

385 1667 414 1730 d)
446 1665 557 1718 berrao
569 1668 608 1716 du
622 1672 766 1718 testamenti
782 1663 945 1730 messapus
957 1670 990 1719 dc
1006 1663 1202 1724 Crtecnenbstse
1216 1661 1266 1733 (2).

327 1825 344 1862 n
362 1801 439 1867 ltem
463 1801 644 1866 antedictus
667 1801 816 1868 dominus
841 1802 994 1884 magister
1015 1802 1282 1882 christophorus,
1309 1810 1374 1866 tes-

285 1907 382 1975 tator,
400 1899 574 1964 declaravit
590 1917 627 1963 sc
643 1901 745 1981 palam
769 1909 801 1966 et
816 1901 943 1982 publice
958 1901 1048 1976 dixit,
1065 1901 1202 1982 qualiter
1225 1901 1296 1980 ipse
1310 1899 1374 1964 sibi

286 2007 507 2080 comparasset
533 2007 563 2062 et
589 1999 722 2064 emisset
753 1999 901 2064 diversos
924 2000 1047 2064 reditus
1073 1999 1308 2064 haereditarios
1334 1998 1374 2062 ad

286 2105 319 2162 et
342 2113 440 2178 supro
469 2097 574 2163 tribus
602 2099 754 2163 membris
783 2107 923 2163 statuum
949 2098 1138 2164 brabantiae
1165 2099 1198 2161 in
1225 2097 1375 2162 districtu

286 2195 500 2272 bruxellensi,
518 2197 612 2262 etiam
628 2197 766 2262 diversis
782 2198 1002 2278 temporibus;
1020 2207 1051 2262 et
1067 2198 1107 2262 de
1124 2197 1187 2261 iliis
1201 2206 1377 2262 testamen-

286 2294 393 2359 taiiter
414 2296 618 2376 disponendo
644 2307 676 2361 et
702 2306 846 2376 mentem
867 2313 958 2361 suanr
984 2297 1180 2364 declarando
1207 2307 1239 2361 et
1265 2295 1374 2377 expri-

287 2395 405 2460 mendo
430 2395 530 2460 voluit
556 2406 588 2461 et
612 2397 680 2460 vult
707 2395 830 2460 reditus
857 2396 1039 2478 hujusmodi
1069 2414 1127 2477 per
1152 2397 1316 2460 dominum
1343 2403 1379 2460 et

288 2493 474 2575 magistrum
491 2493 657 2576 Aegidium
680 2494 723 2558 Le
745 2495 912 2567 Mercbieu
931 2511 1024 2559 suum
1040 2511 1058 2559 c
1073 2511 1187 2560 sorore
1211 2503 1373 2574 nepotem,

288 2608 416 2658 necnon
432 2600 463 2658 ct
478 2592 662 2674 hujusmodi
683 2593 733 2658 sui
757 2593 939 2658 testamenti
961 2602 1153 2659 executores
1175 2591 1373 2674 conjunctim

288 2692 412 2758 meliori
435 2709 473 2757 ac
495 2691 763 2766 convenientiori,
788 2710 851 2774 quo
875 2693 907 2756 id
930 2691 1000 2756 ficri
1025 2692 1153 2772 poterit,
1175 2693 1270 2756 modo
1294 2707 1373 2756 oon-

288 2791 369 2855 verti
385 2800 416 2854 et
431 2791 584 2872 applicari
606 2792 637 2854 in
655 2809 747 2855 usum
769 2791 897 2872 collegii
914 2791 1155 2856 mechliniensis
1172 2790 1302 2854 Lovanii
1318 2789 1373 2855 siti

288 2898 320 2951 et
342 2889 437 2969 vulgo
462 2890 591 2954 nomine
613 2888 689 2953 Trot
710 2891 894 2970 nuncupati,
913 2907 971 2954 seu
994 2889 1129 2954 aliarum
1148 2890 1318 2954 bursarum
1342 2889 1380 2952 iu

288 2986 400 3050 cadem
427 2985 641 3052 Universitste
667 2987 856 3052 Lovaniensi
881 3005 920 3052 ex
950 2987 1131 3068 buJ'usmodi
1154 2988 1313 3053 reditibus
1342 2987 1376 3050 iu
1460 3045 1467 3062 ,

289 3100 357 3148 nem
374 3084 592 3149 studiosorum
609 3086 821 3149 dotandarum
834 3095 866 3150 et
881 3087 1126 3161 fundandarum
1141 3086 1172 3150 id
1190 3087 1330 3152 totaliter
1344 3095 1378 3151 et

289 3181 329 3246 ad
345 3181 473 3264 plenum
491 3199 603 3248 eorum
619 3183 798 3247 industriae
812 3200 850 3249 uc
865 3183 1032 3265 sagacitati
1048 3183 1290 3249 committendo.
1310 3208 1324 3244 u

330 3279 368 3344 Et
383 3280 517 3346 inferius
532 3283 565 3345 in
582 3283 695 3346 eodern
712 3292 914 3360 testamento,
929 3293 1056 3363 praeter
1067 3285 1264 3348 antedictum
1280 3283 1376 3364 Aegi-

288 3379 376 3446 dium
395 3381 435 3446 Le
452 3381 619 3456 Merchier,
637 3379 867 3446 coexecutores
890 3381 978 3446 illius
995 3381 1171 3447 nominavit
1187 3382 1375 3464 magistrum

289 3477 463 3546 chricum
498 3478 657 3555 Hectoris,
694 3496 820 3546 necnon
858 3481 1064 3548 bouorabiies
1100 3482 1188 3545 viros
1225 3482 1375 3546 dominos

289 3577 462 3658 magistros
495 3578 666 3660 baptistam
697 3577 739 3643 be
769 3577 896 3662 Coeque
919 3590 951 3646 et
979 3579 1156 3646 Gerardum
1189 3579 1376 3654 Bernacrts‚

326 3758 367 3830 (l)
388 3759 426 3812 Lo
440 3763 504 3812 cure
518 3758 579 3812 Vsu
592 3758 796 3814 Grieckenbeke
809 3761 852 3816 fut
868 3769 884 3814 d
898 3762 925 3816 le
939 3765 995 3816 tete
1008 3761 1041 3816 ds
1055 3763 1083 3818 le
1096 3761 1219 3834 paroisse
1233 3762 1266 3816 de
1280 3761 1378 3816 Saint-

288 3849 357 3908 Jesu
371 3848 491 3918 pendant
504 3848 541 3904 27
553 3865 614 3904 sus.
1236 3871 1237 3876 κ

325 3940 364 4013 (2)
385 3939 422 3994 Ge
440 3941 789 4010 testamentsutpssss,1s
807 3942 843 3998 30
857 3949 923 4000 subt
944 3945 1023 4012 1578,
1039 3947 1139 4014 devant
1157 3945 1245 4000 Heuri
1259 3943 1380 3998 Hectore

288 4047 324 4088 ou
347 4030 484 4094 Hectoris,
508 4032 606 4102 preire,
631 4034 751 4088 curedo
775 4035 957 4092 Nouo-Deme
979 4054 1013 4091 su
1037 4035 1098 4092 dela
1122 4036 1190 4108 Dyle
1217 4043 1233 4090 d
1255 4035 1380 4091 Melinos

288 4127 317 4184 et
330 4121 435 4180 notatire
448 4123 550 4194 public.
567 4123 605 4178 Le
618 4128 751 4180 teststsur
764 4132 874 4182 mourut
887 4127 914 4182 le
926 4127 1083 4183 lendemaiu
1097 4127 1130 4182 31
1146 4132 1221 4186 subt.
