3032 4952
1491 149 1492 220 i

777 473 941 538 -67-

1491 615 1492 656 7

313 657 397 722 inter
417 654 456 718 95
478 654 714 737 magistrandos
735 671 754 721 e
772 653 886 722 castro
900 655 1089 732 secundus,
1103 665 1295 739 surrogatur
1310 673 1400 722 0770
1491 695 1492 750 p

311 754 390 820 7778
410 754 588 820 discedenti
606 753 729 820 Judceo
755 754 893 832 Schiats,
917 764 949 821 07
971 755 1206 837 philosophiam
1229 756 1262 820 in
1278 753 1398 821 Castro
1491 769 1492 850 p

308 853 419 920 docuit
434 853 590 935 usquead
612 870 730 918 annum
748 855 839 930 7737,
857 871 922 936 quc
940 853 1002 920 hoc
1017 871 1151 920 munere
1167 871 1203 920 se
1218 855 1396 920 abdicavit.

309 952 384 1017 17707
398 953 493 1018 07707
508 953 558 1018 701
570 952 684 1018 saltem
700 953 803 1018 factus
819 963 869 1018 est
883 969 968 1019 anno
982 953 1062 1017 7736
1073 954 1198 1019 ethices
1214 954 1397 1034 professor,

184 1061 189 1074 ·
309 1067 410 1133 eaque
425 1052 548 1117 ratione
560 1054 723 1118 secundae
738 1052 934 1118 fundationis
945 1053 985 1116 ad
997 1052 1105 1118 divum
1118 1053 1247 1118 Petrum
1262 1053 1398 1118 boranii

308 1149 596 1216 canonicusllnno
610 1150 689 1214 l'l3'l
703 1151 885 1217 nominatus
902 1151 959 1215 fuit
975 1151 1013 1215 ad
1030 1152 1243 1231 praebendam
1260 1154 1395 1218 canoni·

309 1247 599 1314 007077000010070
608 1249 784 1314 cathedrali
797 1249 1395 1334 beataehadaevirginlsantverpiae.

309 1345 394 1412 Obiit
409 1347 525 1413 ibidem
544 1363 655 1414 mense
670 1347 842 1429 septembri
857 1347 950 1412 l'l39.

348 1497 399 1560 87.
426 1495 579 1560 decaicus
600 1489 730 1560 Gaanren
748 1495 806 1560 Vna
829 1496 989 1573 (77770007,
1009 1513 1047 1562 ex
1068 1497 1273 1575 Saveutbem,
1297 1507 1394 1566 00707

307 1593 486 1674 subrogans
502 1595 584 1674 (77770
598 1611 708 1676 supra,
729 1612 760 1675 p.
782 1595 847 1672 77),
863 1595 1052 1662 discedente
1066 1596 1199 1676 aegidio
1214 1597 1396 1663 francisco

306 1693 498 1767 hudenaert,
526 1694 711 1776 designatur
725 1695 744 1756 l
760 1695 886 1776 augusti
912 1695 992 1758 7777
1020 1711 1193 1762 successor
1213 1695 1245 1758 in
1269 1696 1397 1776 profes·

305 1791 398 1857 sione
422 1792 492 1873 eius
518 1792 748 1874 philosophica.
775 1793 854 1860 llinc
879 1794 918 1857 77
946 1793 1127 1860 decembris
1154 1795 1231 1858 7737
1262 1795 1395 1878 collegii

305 1891 474 1958 Sabaudici
491 1908 640 1972 praeses;
658 1900 768 1973 postea
790 1909 902 1958 sacram
924 1893 1104 1974 theologiae
1125 1893 1240 1959 doctor
1255 1903 1289 1959 07
1303 1895 1393 1977 epis·

306 2007 408 2072 copus
423 1991 678 2072 hntverpiensis.
694 1991 772 2057 Vide
787 2008 899 2059 sacrae
914 1992 1094 2075 theologiae
1108 1993 1272 2060 ductores.

347 2140 398 2204 83.
421 2139 549 2203 lauoaus
563 2139 627 2203 Van
642 2157 698 2203 nea
720 2139 851 2215 7777700,
876 2139 1106 2216 Bruxeliensis,
1132 2157 1217 2206 anno
1243 2140 1326 2204 7770
1352 2158 1392 2207 ex

305 2239 498 2321 subrogente
513 2239 609 2320 huJus
621 2239 808 2321 paedagogii
823 2239 904 2318 (uide
920 2255 1028 2320 supra,
1039 2240 1127 2320 077)
1142 2239 1177 2304 777
1189 2241 1208 2302 7
1222 2239 1294 2322 maji
1309 2239 1392 2303 7777

306 2338 527 2420 philosophiae
552 2337 728 2418 professor,
746 2337 924 2403 succedens
944 2339 1073 2404 domino
1089 2339 1201 2404 loanni
1225 2337 1390 2420 Baptistae

303 2433 440 2502 dulfcul.
467 2434 606 2500 Gradum
632 2435 783 2501 licentiati
813 2437 845 2498 in
875 2451 967 2501 sacra
999 2435 1159 2517 theologia
1196 2437 1391 2518 adipiscitur

302 2535 342 2600 77
354 2535 435 2617 iunii
450 2533 677 2616 773307070υο
688 2552 727 2600 00
740 2545 884 2617 ternpore
895 2543 962 2600 tum
975 2534 1199 2615 philosophiae
1211 2522 1244 2599 in
1257 2537 1385 2608 Castro.

304 2644 370 2698 tum
386 2633 508 2698 ethices
524 2633 671 2713 publicus
689 2633 866 2714 professor.
886 2631 965 2698 lnde
989 2632 1207 2702 nominatione
1224 2633 1391 2700 facultatis

301 2731 603 2797 artiumcancnicus
616 2731 807 2797 cathedralis
819 2729 1389 2807 tornacensis.oblil,verosimillaar

302 2829 407 2895 adbuc
422 2829 543 2912 degens
559 2831 590 2894 in
606 2829 731 2906 Castro,
749 2847 833 2896 anno
850 2831 930 2894 7738
945 2832 1003 2910 (vel
1018 2831 1099 2896 forle
1114 2830 1216 2909 7770).

342 2979 394 3044 ill.
417 2979 585 3046 (70770770
600 2980 767 3054 Succurras,
784 2980 832 3046 vel
855 2980 1002 3056 Staseas,
1019 2997 1058 3046 ex
1072 2979 1269 3046 Ocsterbout
1285 2999 1388 3064 prope

299 3077 576 3145 Gertrudimonles
589 3078 622 3142 70
641 3077 820 3155 llollandia,
831 3080 978 3144 alumnus
994 3078 1181 3160 paedagogii
1198 3080 1386 3156 Porcensis,

296 3193 383 3242 anno
406 3177 482 3240 7777
506 3177 538 3240 70
560 3173 720 3242 concursu
744 3177 801 3240 777
827 3176 1116 3258 magistrandorum
1136 3177 1323 3254 secundus;
1346 3195 1386 3244 ex

254 3341 256 3345 .
298 3275 419 3342 1007070
441 3293 552 3341 sacrae
576 3275 754 3358 theologiae
774 3275 808 3338 in
831 3276 988 3342 coenobio
1010 3275 1227 3343 Vlierbacensi
1252 3276 1386 3342 abeunti

298 3374 393 3440 Petro
421 3374 466 3439 liu
493 3374 582 3440 Toict
614 3373 758 3439 succedit
784 3373 817 3437 in
848 3374 998 3440 cetlredra
1029 3373 1252 3456 philosophica
1280 3373 1384 3438 Castri

298 3473 336 3536 73
352 3473 478 3554 augusti
490 3472 582 3537 7779.
598 3471 667 3538 1700
682 3489 813 3538 muliere
829 3489 951 3538 summa
968 3490 1040 3538 euru
1057 3472 1150 3538 laude
1166 3472 1297 3538 iunctus
1314 3482 1382 3547 est;

295 3579 357 3646 ast,
386 3579 420 3636 ut
445 3570 553 3652 pietati
579 3578 611 3635 et
638 3570 786 3636 arctioris
811 3569 895 3635 vitae
920 3569 1108 3650 disciplinae
1138 3569 1240 3650 magis
1267 3585 1383 3636 700070

293 3671 425 3746 valeret,
443 3671 682 3750 professorulus
705 3671 827 3734 honore
850 3686 887 3732 se
906 3667 1028 3734 abdicat
1045 3668 1147 3750 ajulii
1165 3669 1258 3744 7737,
1276 3670 1382 3735 faetus
1491 3683 1492 3720 l

294 3771 326 3833 in
342 3769 500 3836 coenobio
516 3767 808 3834 Gorsendonckanc
824 3783 935 3833 sacrae
951 3767 1130 3850 theologiae
1149 3768 1252 3833 lector
1269 3769 1306 3847 (ll
1321 3792 1329 3844 ;
1347 3779 1379 3834 et

330 3951 370 4019 (l)
382 3949 453 4006 C’eal
468 3949 493 4003 la
507 3949 531 4003 la
545 3947 648 4002 version
659 3945 691 4002 de
701 3945 805 4018 Paquot
812 3968 820 4014 ς
835 3945 890 4002 Rex
901 3965 933 4004 eu
944 3965 1019 4004 0770
1030 3953 1105 4005 07770
1117 3966 1153 4003 77
1165 3965 1215 4020 peu
1226 3947 1367 4006 differente

290 4040 352 4111 qu'il
366 4041 484 4112 exprime
498 4036 617 4094 71000100
632 4045 727 4093 707000
740 4035 859 4092 spirante
873 4055 879 4088 =
897 4063 907 4087 ι
923 4038 1057 4094 Abdicato
1071 4038 1266 4112 proieeacmtus
1280 4039 1380 4096 honora

228 4188 232 4205 ,
288 4144 317 4188 07
337 4149 456 4194 munere,
474 4147 588 4186 eremum
608 4130 742 4200 ingressus
759 4135 818 4192 est,
840 4127 897 4194 ubi,
919 4147 977 4184 cum
993 4127 1100 4200 frigora,
1128 4128 1242 4201 jejunio,
1269 4128 1382 4201 aliisque

291 4223 409 4295 corporis
422 4220 636 4278 afflictationibus
649 4220 768 4274 morbum
783 4219 973 4286 contraxisset,
982 4224 1122 4276 reuocatus
1138 4237 1154 4274 0
1167 4219 1223 4275 auis
1237 4217 1379 4276 confratri-

292 4313 341 4370 bus
351 4311 554 4386 professoribus,
569 4328 638 4366 anno
649 4310 680 4368 17
685 4311 718 4365 38
735 4326 836 4366 rursum
855 4309 1035 4385 philosophice
1043 4309 1177 4383 professor
1189 4309 1291 4366 electus
1303 4313 1371 4368 777.-
