3284 4956
900 449 1082 512 -138-

446 631 535 693 ribus
551 629 626 694 cleri
646 629 676 691 in
694 629 837 708 patriam.
858 629 990 693 eximias
1013 629 1078 693 illic
1093 631 1186 692 dotes
1203 629 1422 710 impensurus,
1438 649 1531 695 revo-

448 739 550 802 catur,
570 730 672 792 lactus
698 738 747 791 est
772 729 905 807 primum
933 729 1062 810 Delphis
1088 729 1127 791 ad
1154 741 1298 792 sanctum
1329 731 1534 811 Hippolytum

449 839 569 908 pastor.
597 827 855 907 archipresbyter
881 827 1070 907 Delpbensis
1093 843 1130 891 ac
1157 829 1255 892 totius
1281 827 1477 892 belhandiae
1502 831 1534 891 in

448 930 553 992 locum
576 925 727 990 suitberti
756 926 978 1000 Parmereutii‚
998 937 1028 990 et
1051 927 1201 990 australis
1226 925 1411 991 llcllandiae
1428 929 1535 1008 provi·
1639 923 1640 930 ’

450 1042 568 1090 carim.

490 1126 564 1188 Erat
590 1134 693 1188 aulem
717 1125 900 1188 schadacus
929 1125 1045 1190 nemini
1073 1126 1249 1198 secundus,
1275 1125 1358 1204 juris
1381 1126 1480 1190 divini
1505 1137 1536 1190 et

449 1224 660 1288 ecclesiastici
688 1223 912 1302 peritissimus.
941 1223 1118 1286 studiorum
1147 1240 1316 1288 moecenas
1344 1225 1536 1290 liberalissi-

451 1339 532 1391 mus,
550 1333 581 1384 et
598 1322 638 1384 iis
652 1321 787 1400 pietatis,
805 1321 982 1392 doctrinae,
999 1321 1119 1401 judicii,
1136 1322 1388 1402 prudentiaeque
1404 1324 1536 1387 dotibus

450 1431 635 1494 <exornatus
668 1428 700 1480 ut
729 1435 800 1481 eum
831 1418 968 1482 lacobus
998 1421 1036 1483 de
1066 1421 1094 1482 la
1125 1420 1240 1494 Terre,
1272 1422 1538 1500 archiepiscopus

452 1519 630 1598 ilplreshnrs
647 1529 677 1580 et
699 1517 994 1595 archiepiscopatus
1012 1518 1252 1596 Ultraiectensis
1276 1521 1416 1584 vicarius
1439 1537 1537 1597 apos·

452 1619 580 1682 tolicns.
609 1617 667 1678 suh
694 1632 778 1678 atino
807 1614 897 1686 ‘libii
929 1615 1009 1678 inter
1035 1629 1160 1680 ceteros
1187 1635 1202 1679 a
1233 1617 1382 1697 pontillce
1400 1619 1540 1682 maximo

453 1716 631 1780 alexandro
658 1715 710 1776 Vll
738 1715 768 1774 in
794 1715 1031 1796 suffraganeum
1059 1733 1151 1778 suum
1178 1717 1345 1795 expetierit
1371 1733 1443 1780 curo
1476 1720 1539 1782 hoc
1640 1713 1641 1758 ἶ

452 1815 575 1892 talogio:
593 1815 755 1876 atrnrrrnes
767 1815 961 1884 scirardacus
976 1813 1225 1890 liu-ajectcnsis.
1236 1832 1392 1878 aridorum
1408 1817 1541 1880 circiter·

453 1943 466 1964 ..
486 1913 537 1982 lb,
568 1913 661 1976 etiam
689 1911 788 1988 parrtis
818 1911 872 1973 sed
905 1911 1036 1974 atterius
1066 1913 1305 1992 Ultrajectensis
1336 1917 1540 1993 provicarius

452 2039 464 2068 a
487 2029 589 2086 meus,
600 2027 711 2073 sacrae
724 2010 903 2089 theologiae
918 2011 1098 2080 licentiatus
1113 2013 1429 2092 per-itissirnus‚juris
1441 2031 1540 2078 cano·

455 2139 470 2166 »
488 2111 548 2172 uici
567 2127 626 2172 uon
644 2109 785 2188 igitarus.
806 2135 821 2162 a

494 2207 540 2272 Ob
566 2207 679 2271 eximia
715 2209 864 2270 virtutum
894 2208 1002 2268 merita
1029 2225 1172 2284 tungriam
1198 2209 1258 2270 sihi
1293 2211 1375 2285 apud
1401 2211 1538 2281 cirrum,

455 2307 617 2388 regulares
646 2316 676 2370 el
707 2307 858 2385 populum
889 2307 1074 2369 conciliarat
1104 2308 1335 2371 auctoritatem.
1369 2300 1444 2380 Sed,
1463 2311 1539 2373 dum

453 2405 625 2486 singularis
642 2405 786 2484 exemplo
804 2405 929 2485 pietatis
947 2405 1040 2476 lucet.
1052 2421 1159 2468 amore
1173 2406 1202 2466 in
1220 2407 1315 2468 heum
1330 2417 1360 2470 et
1375 2410 1542 2486 proximos

453 2505 555 2573 ardet,
581 2503 799 2583 maximosque
817 2521 873 2583 pro
893 2501 1032 2567 Ecclesia
1051 2505 1177 2567 laheres
1194 2507 1331 2568 sustinet
1351 2506 1417 2584 jam
1446 2510 1542 2570 annis

454 2603 644 2672 octodecim,
662 2619 700 2665 ex
717 2601 864 2680 pestilera
883 2602 944 2674 lue,
962 2619 1054 2681 qrram
1070 2619 1158 2664 sacra
1179 2603 1307 2681 llclphis
1325 2605 1542 2668 ministrando

454 2713 667 2770 contraxerat,
687 2699 861 2779 b'ltrajecti,
886 2717 948 2780 qno
965 2701 1006 2764 ob
1023 2701 1258 2764 solemnitatem
1277 2703 1341 2763 illic
1359 2703 1540 2767 habendam

455 2803 616 2879 proiectus
640 2803 750 2872 luerat,
777 2801 806 2860 in
832 2801 903 2862 sinu
929 2801 1084 2880 praesulis
1105 2802 1167 2873 sui,
1183 2801 1314 2864 lusitanis
1335 2801 1541 2871 Necrcassel

350 2965 354 2976 ,
455 2901 547 2964 unice
563 2902 601 2962 ab
617 2917 655 2963 co
671 2899 791 2970 dilecti,
802 2899 884 2961 diem
899 2899 1023 2961 curretis
1037 2899 1217 2976 lugentibus
1230 2901 1348 2962 claudit
1361 2911 1541 2966 extremum

455 3001 472 3060 d
489 2999 680 3078 septembris
697 2997 788 3072 loos,
803 2997 914 3060 arelatis
931 3015 1013 3059 anim
1030 2997 1095 3058 5⁶30.

496 3101 629 3178 Gregcm
654 3097 794 3160 moriens
819 3106 926 3174 pastor
949 3097 998 3158 his
1024 3095 1150 3158 havidis
1173 3097 1278 3158 uerbis
1293 3113 1330 3158 cx
1348 3099 1475 3175 psalmo
1491 3100 1544 3161 27⁰
1592 3144 1596 3156 .

455 3197 588 3276 principi
618 3205 779 3275 pastorum
807 3195 1049 3258 commendabat
1077 3218 1083 3257 ;
1113 3219 1128 3250 α
1149 3195 1275 3256 Salvum
1306 3195 1354 3258 lac
1387 3201 1542 3277 rioplulcm

456 3309 555 3368 tuum,
580 3296 721 3366 bomine.
747 3304 778 3358 et
800 3293 935 3357 benedic
963 3294 1147 3357 hacreditati
1176 3305 1263 3368 tuae;
1288 3306 1318 3356 ct
1342 3315 1419 3375 rege
1440 3316 1497 3362 cos
1514 3311 1543 3362 et

454 3397 569 3458 extolle
587 3395 615 3456 in
633 3404 796 3456 aeternum
808 3419 837 3453 υ.

494 3494 628 3573 Scripsit
644 3493 771 3572 Belgica
789 3509 938 3555 sermone
962 3491 1101 3554 libellum
1130 3493 1173 3554 lic
1196 3494 1314 3554 ratione
1328 3501 1457 3572 peccota
1473 3513 1543 3558 ron-

452 3593 570 3672 silendi.

496 3707 566 3770 ¹108.
583 3707 711 3768 inesses
740 3707 839 3778 Pauci,
865 3705 1082 3768 Vertonieusis
1110 3705 1361 3783 lirinemburgus
1391 3707 1544 3772 alurnnus

456 3807 545 3869 Por-el
565 3806 647 3869 inter
662 3804 721 3866 ede
739 3805 948 3866 licentiarnlos
965 3804 995 3865 in
1013 3806 1134 3867 artibus
1150 3821 1233 3866 arrae
1253 3803 1332 3865 leet
1350 3807 1488 3883 primus,
1510 3809 1542 3870 lit

455 3903 550 3986 hujus
573 3902 768 3984 paedagogio
795 3901 985 3981 subrepens,
1014 3911 1043 3965 et
1069 3919 1153 3965 ranno
1180 3901 1259 3963 ’1643
1284 3919 1319 3965 ex
1345 3905 1545 3986 subrepente

457 4003 632 4083 professor.
648 4006 759 4074 l‘ostca
783 3999 965 4064 academico
991 4001 1156 4081 privilegio
1179 4001 1216 4063 ad
1240 4012 1386 4064 sanctum
1407 4003 1542 4070 ‘Petrum

456 4105 486 4163 in
513 4101 630 4179 oppido
657 4097 832 4162 Casleteusi
860 4101 1053 4172 carronicus;
1082 4117 1144 4180 qrro
1175 4107 1341 4179 :ratequam
1375 4103 1541 4184 migraret,

454 4198 578 4262 obiitin
597 4187 659 4262 hoc
674 4215 733 4262 suo
751 4197 840 4261 ilorci
859 4199 1053 4277 paedagogio
1071 4217 1180 4262 mense
1193 4198 1283 4276 junio
1301 4199 1393 4261 aldeb.
