3236 4952
725 438 913 502 -tlt—

271 615 441 690 virescet
463 625 597 682 aetatem
622 618 716 681 etiam
734 617 921 697 exprimant,
940 631 1121 697 quanquam
1146 615 1230 680 istud
1256 624 1363 696 poste·

272 715 341 781 rius
357 733 420 780 uon
438 716 479 780 sit
494 716 625 781 omnino
642 732 789 790 necesse,
808 716 880 796 quia
898 723 985 794 puto,
1000 715 1085 796 qnod
1102 721 1189 779 aetas
1206 714 1362 778 habeatur

272 815 306 880 in
321 815 402 895 ipsis
418 815 534 879 litteris
558 815 759 888 reddituum;
783 822 815 878 et
835 814 906 878 illas
922 813 1046 877 litteras
1068 813 1249 878 scabinalcs
1266 813 1360 879 nobis

272 912 386 987 mittat,
420 922 453 977 ut
483 914 589 978 statim
620 913 783 993 possimus
817 913 961 994 recipere
991 912 1189 976 dimidiatum
1224 929 1355 976 annum.

271 1010 407 1092 Insuper
429 1029 579 1092 cuperem
604 1013 753 1077 dominus
781 1012 949 1086 indicaret,
967 1028 1050 1076 anne
1073 1011 1150 1075 velit
1173 1012 1278 1074 statim
1302 1017 1357 1076 aut

270 1109 353 1176 intra
379 1111 476 1176 breve
499 1119 625 1192 tempus
652 1111 749 1191 recipi
774 1111 911 1191 aliquem
938 1111 1133 1186 studiosum,
1157 1110 1237 1175 etsi
1260 1127 1355 1191 quem

269 1209 396 1286 lrabeat,
411 1219 444 1274 ut
458 1210 544 1275 illius
560 1227 676 1275 nomen
689 1210 897 1285 transcribat;
914 1209 967 1291 qui
984 1209 1217 1274 interteneatur
1229 1209 1356 1274 redditu

268 1308 518 1388 antwerpiensi.
536 1310 694 1386 Quantum
716 1325 792 1373 vero
814 1309 852 1372 ad
874 1327 939 1371 cunr
957 1309 1134 1373 rhenenses
1151 1307 1355 1388 recipiendos

270 1423 329 1490 pro
352 1409 497 1488 proximo
521 1409 686 1473 dimidiato
709 1424 792 1472 anno
818 1409 999 1473 reddituum
1022 1408 1177 1480 vitalium,
1193 1407 1358 1470 videretur

269 1505 346 1569 milti
362 1507 525 1586 expedire,
545 1507 866 1588 utimpeuderentur.
884 1507 997 1572 saltem
1015 1523 1073 1587 pro
1089 1515 1189 1587 parte,
1208 1506 1238 1567 in
1256 1503 1357 1569 conli-

269 1603 393 1696 ciendis
415 1605 541 1669 latrinis
558 1607 723 1670 nocturnis
746 1605 777 1668 in
795 1605 876 1670 atrio
894 1606 1032 1688 collegii,
1053 1615 1085 1670 ut
1108 1605 1245 1669 studiosi
1264 1612 1359 1668 nocte

267 1719 334 1768 non
350 1713 506 1784 cogantur
528 1706 614 1769 crire
640 1705 811 1785 collegium
834 1706 871 1768 ud
890 1705 1023 1769 latrinas
1045 1721 1143 1785 super
1159 1703 1300 1768 durium.
1320 1702 1355 1766 ld

269 1801 353 1882 quod
371 1803 399 1865 si
415 1803 510 1866 etiam
527 1803 657 1866 domino
673 1803 831 1874 videatur.
849 1820 909 1884 ego
925 1803 1128 1891 consultabo,
1146 1801 1306 1882 quomodo
1322 1800 1355 1864 id

267 1900 530 1966 commodissime
548 1901 616 1966 lieri
633 1910 761 1981 posset;
779 1901 826 1964 sin
845 1903 962 1978 minus,
980 1901 1130 1966 dominus
1154 1899 1305 1964 indicabit
1320 1898 1355 1962 in

268 2015 363 2078 quem
379 1999 475 2062 alium
501 2016 593 2064 usum
610 1999 686 2064 velit
707 1999 860 2079 impendi.
877 1999 944 2080 Ego
961 1999 1124 2080 perpendo
1141 1999 1249 2073 etiam,
1266 1997 1353 2080 qood

268 2095 447 2178 collegistis
465 2098 657 2178 pauperinus
674 2097 765 2161 ratde
781 2098 859 2162 utile
871 2107 958 2162 esset
973 2098 1091 2163 habere
1107 2097 1244 2178 aliquam
1259 2113 1355 2178 pecu-

164 2274 168 2283 *
267 2195 352 2258 niam
375 2204 525 2276 tauquam
550 2203 739 2276 perpetuum
762 2207 905 2261 mutuum
928 2213 1054 2277 semper
1077 2197 1301 2277 reliquendum
1319 2203 1352 2260 et

266 2293 460 2358 servandum
471 2294 643 2376 integrum,
658 2313 695 2359 ex
705 2311 768 2375 quo
778 2295 903 2374 possint
916 2295 985 2360 lieri
996 2295 1352 2376 aliquaeprovisiones;

266 2408 340 2456 nam
369 2393 507 2458 studiosi
537 2394 725 2474 regulariter
755 2393 847 2458 valde
877 2393 1048 2459 difficulter
1080 2405 1217 2474 possunt
1248 2394 1354 2457 lacere

265 2491 479 2572 provisiones.
517 2491 593 2565 Oro,
626 2499 659 2555 ut
689 2492 837 2556 dominus
868 2493 987 2557 indicet
1016 2509 1106 2557 suam
1142 2493 1351 2557 voluntatem.

264 2589 420 2664 Quantum
444 2607 521 2655 vero
544 2590 583 2654 ad
606 2607 644 2653 xc
659 2591 837 2656 circuenses
860 2608 985 2656 annuos
1006 2599 1131 2671 emptos
1154 2591 1287 2655 denario
1310 2589 1350 2653 ad

262 2705 335 2752 xrnr
359 2706 457 2768 super
479 2689 650 2770 collegium
667 2690 844 2754 sabaudiae
867 2691 968 2772 (cujus
984 2690 1129 2755 redditus
1152 2707 1254 2769 nuper
1277 2689 1349 2754 misi

262 2786 388 2868 copiam
404 2789 603 2865 litterarum),
622 2789 773 2869 quiajam
790 2790 856 2853 lere
872 2788 1014 2853 cucurrit
1031 2789 1216 2854 dimidiatus
1232 2803 1348 2862 annus,

262 2887 415 2954 dominus
441 2889 574 2971 incipiet
598 2890 752 2970 cogitare.
778 2891 904 2972 quando
928 2899 959 2954 et
981 2890 1032 2954 cui
1056 2889 1133 2954 velit
1156 2897 1350 2968 praelectam

262 2987 392 3052 bursam
415 2989 574 3060 conterre,
592 2997 623 3052 et
638 2988 780 3068 desuper
801 2990 897 3054 etiam
916 3005 1006 3052 suam
1030 2989 1226 3052 voluntatem
1250 2986 1351 3068 signi-

262 3085 376 3158 ticare;
401 3085 528 3166 expedit
550 3085 636 3151 euim
659 3086 723 3151 cito
747 3087 852 3151 lacere
873 3087 976 3150 bonae
996 3086 1171 3150 voluntatis
1198 3085 1348 3159 fructum,

262 3183 338 3247 dum
354 3185 458 3249 adhuc
471 3185 620 3248 vivimus.

301 3282 386 3347 llcus
403 3283 642 3348 venerationem
656 3291 742 3348 tuam
757 3284 937 3364 religiosam
950 3284 1003 3348 diu
1020 3292 1126 3348 servet
1139 3283 1346 3348 incolumem.

723 3417 866 3492 lovanii,
885 3417 993 3482 ultima
1009 3415 1151 3482 octobris
1168 3415 1259 3478 ltro.

842 3566 930 3630 Tuus
944 3566 1035 3628 llicrr.
1054 3582 1090 3627 pe
1106 3565 1177 3627 Bar.

295 3709 522 3793 Superscriptt'o
533 3735 544 3774 .·
555 3714 734 3780 Venerabili
747 3716 878 3781 domino
891 3726 921 3780 et
934 3731 1045 3778 sacrae
1055 3712 1234 3794 theologiae
1246 3712 1346 3776 licen-

251 3818 339 3876 ototo
362 3811 516 3891 magistro
531 3811 666 3876 Mathiae
690 3814 903 3882 Laurentiano
921 3817 969 3894 (l),
993 3811 1150 3876 canonico
1174 3809 1343 3890 Burgensi‚

259 4048 263 4061 .
289 3991 325 4062 (l)
344 3991 479 4044 Matthias
502 3991 665 4046 Lembrecht
688 3997 730 4047 est
752 4001 861 4048 nomme
880 3995 916 4050 ici
930 3995 1151 4057 Laurentianus,
1173 4008 1253 4063 parce
1275 3991 1342 4063 qu'il

251 4072 319 4135 t'ttait
343 4080 377 4135 nd
397 4090 413 4134 d
433 4081 647 4164 Sciat-Laurent
667 4084 842 4154 lezBruges3
864 4103 946 4158 royez
968 4089 1116 4142 Anatectes
1125 4099 1201 4150 pour
1213 4089 1344 4138 serviret

249 4167 383 4227 l'ltistor're
397 4177 595 4241 ecclesiastt'que
609 4180 641 4228 dc
655 4179 683 4228 la
696 4177 840 4244 Belqique,
856 4177 902 4244 IV,
920 4196 947 4249 p.
962 4177 1026 4233 239.
