3130 4956
662 460 847 523 -tttt-

207 648 279 705 ante
294 639 472 715 meridiem,
491 651 739 722 comparuerunt
754 641 786 704 in
802 641 900 706 rubea
915 657 1041 706 camera
1056 641 1171 704 domus
1188 639 1285 705 facul-

207 738 281 804 tatis
297 737 420 804 domini
435 739 577 803 decanus
593 747 624 804 et
635 739 775 820 deputati
791 740 943 804 ordinarii
959 755 1030 803 cum
1046 740 1165 820 aliquot
1181 739 1288 804 senio-

207 837 296 901 ribus
311 837 485 912 facultatis,
498 837 537 902 ad
560 837 752 903 audiendum
775 838 878 918 aliqua
898 839 1032 918 proponi
1050 853 1105 918 per
1123 837 1285 902 dominum

206 935 366 1024 sindiuum
383 937 542 1000 facultatis
564 953 660 1017 super
682 937 893 1017 responsione
908 936 1139 1000 Armcnteriani
1156 935 1286 1000 domino

206 1033 402 1097 cancellario
413 1033 635 1098 Universitatis
648 1042 679 1098 ct
693 1034 844 1114 magistro
861 1044 971 1098 nostro
987 1033 1131 1098 Michaeli
1145 1034 1184 1097 du
1202 1033 1287 1114 Baey

208 1131 240 1193 in
256 1130 390 1210 scriptis
405 1131 545 1196 dominis
560 1132 676 1207 datam,
695 1141 789 1212 prout
804 1132 949 1212 sequitur
966 1151 974 1191 :

250 1311 407 1376 Dominus
423 1311 536 1376 doctor
551 1312 811 1376 Armenterianus
833 1323 962 1393 rogatus
981 1329 997 1376 a
1014 1313 1164 1388 dominis,
1182 1321 1287 1376 utrum
1319 1367 1322 1376 .

207 1411 303 1476 vellet
319 1427 497 1492 agnoscere
512 1427 548 1475 se
565 1427 628 1475 nou
644 1427 717 1476 esse
733 1411 977 1491 proprietarium
993 1411 1107 1476 domus
1121 1408 1288 1492 pedagogii

209 1507 291 1582 bitti,
310 1508 478 1590 respoudit
494 1509 525 1572 in
543 1509 671 1590 scriptis
688 1509 719 1572 in
735 1509 831 1585 bunc,
848 1510 901 1591 qui
917 1511 1073 1591 sequitur,
1090 1509 1218 1574 modum
1236 1524 1246 1573 :

252 1705 361 1769 Primo
384 1705 459 1770 dicit
482 1706 631 1770 dominus
648 1707 921 1782 llrmenterianus,
939 1707 1034 1787 quod,
1061 1707 1088 1770 si
1112 1705 1290 1786 proprietas

210 1805 293 1886 apud
321 1803 419 1868 alium
445 1813 498 1868 aut
525 1804 605 1868 alios
630 1805 734 1878 fuerit,
754 1821 790 1869 se
812 1806 909 1870 refert
931 1805 1052 1886 judicio
1078 1813 1109 1868 ct
1130 1802 1290 1868 dictamini

210 1903 354 1968 virorum
370 1903 537 1968 doctorum
561 1903 593 1965 in
612 1903 792 1984 hujusmodi
817 1919 913 1968 causa
929 1903 1154 1982 experientiam
1170 1901 1291 1966 baben-

211 2001 301 2076 tium,
320 2001 444 2065 sciliret
459 1999 616 2066 Gabrielis
634 2011 666 2066 et
685 2001 854 2082 Tinnagcl;
879 2017 1013 2082 quorum
1027 2001 1148 2081 judicio
1163 2017 1199 2065 sc
1214 1999 1291 2064 sub·
1398 2001 1402 2008 “

213 2099 321 2163 mittit.

254 2199 346 2274 ltem,
377 2198 474 2279 quod,
506 2199 533 2262 si
562 2197 657 2262 etiam
688 2198 865 2278 reperiatur
894 2199 998 2263 dictus
1031 2197 1293 2262 Armenterianus

213 2296 331 2360 babere
359 2297 584 2376 proprietatem
612 2297 696 2360 dicte
720 2297 844 2370 domus,
862 2307 1031 2362 contentus
1053 2307 1103 2362 est
1118 2295 1163 2360 illi
1179 2295 1294 2361 cedere

213 2395 251 2458 ad
268 2411 383 2459 manus
398 2394 622 2459 Universitatis
638 2405 691 2459 aut
707 2396 840 2477 alicujus
863 2397 1032 2471 facultatis,
1052 2406 1145 2476 prout
1160 2396 1242 2459 ratio
1261 2401 1293 2458 et

212 2495 341 2574 equitas
356 2492 574 2574 postulabunt.

255 2591 347 2668 llam,
375 2601 527 2672 quantum
557 2593 595 2654 ad
625 2593 799 2672 regentiam
829 2594 994 2675 pedagogii
1024 2591 1093 2655 lilii
1120 2589 1295 2655 formaliter

213 2690 308 2770 capti,
327 2706 385 2770 per
410 2699 595 2754 testatorem
612 2699 642 2754 et
658 2692 857 2757 fundatorem
881 2693 1032 2772 magistro
1050 2689 1179 2754 Nicolao
1194 2686 1294 2752 Viruli

214 2797 244 2852 et
259 2787 415 2867 magistro
438 2787 535 2852 Leoni
557 2785 672 2853 Outers
693 2789 840 2870 legatam,
858 2790 889 2851 in
907 2806 943 2854 ea
960 2805 1088 2853 manere
1099 2786 1229 2852 omuino
1243 2785 1293 2848 in·

212 2887 314 2952 tendit
330 2896 363 2951 et
378 2887 417 2950 ab
432 2886 486 2949 illa
503 2886 590 2950 nullo
607 2897 699 2967 pacto
715 2888 892 2953 discedere.

253 2985 367 3049 Posuit
387 2984 537 3048 dominus
559 2985 699 3050 decanus
722 2987 874 3051 articulos
900 2987 967 3051 sive
993 2985 1221 3066 responsiones
1236 2981 1295 3045 dr-

213 3083 402 3147 menteriani
418 3083 451 3145 in
474 3083 759 3149 deliberationibus
777 3086 991 3161 dominorum,
1010 3093 1040 3148 ct
1056 3101 1093 3148 ex
1109 3081 1294 3148 eorumdem

211 3181 417 3245 dominorum
434 3181 719 3246 deliberationibus
746 3194 896 3264 quantum
920 3186 959 3248 ad
976 3183 1111 3264 primum
1128 3179 1294 3244 articulum

210 3279 373 3344 conclusit
388 3279 531 3344 decanus
554 3280 718 3344 dominum
741 3283 1016 3346 armenterianum
1033 3278 1294 3360 interrogandum

211 3394 297 3452 csse,
315 3394 356 3440 an
376 3388 548 3443 contentus
570 3379 611 3442 sit
633 3395 668 3443 se
684 3379 872 3445 submittere
896 3381 955 3446 toti
970 3379 1106 3460 collegio
1127 3378 1294 3440 doctorum

209 3476 312 3556 iuris;
330 3493 467 3556 quorum
481 3477 602 3557 iudicio
618 3493 670 3542 res
685 3479 885 3542 terminetur.
896 3477 1053 3552 Quantum
1066 3477 1105 3540 ad
1118 3473 1294 3540 secuudum

213 3575 397 3650 articulum,
414 3575 567 3655 quianon
584 3576 716 3640 multum
732 3577 831 3657 tangit
854 3577 1044 3652 facultatem,
1062 3575 1110 3639 sic
1124 3589 1188 3637 non
1204 3581 1296 3636 curat

213 3674 304 3738 dcco
320 3673 472 3746 facultas;
490 3673 559 3747 scd,
577 3674 605 3736 si
622 3675 697 3755 quid
710 3675 793 3755 juris
812 3675 926 3740 babeat
948 3675 1220 3746 armenterianus,
1238 3671 1294 3734 illo

214 3771 333 3851 poterit
363 3771 418 3834 uli.
450 3769 606 3846 Quantum
640 3772 679 3835 ad
710 3775 836 3838 tertium
866 3775 1046 3849 articulum,
1079 3789 1141 3853 quo
1170 3770 1296 3834 videtur

215 3869 638 3935 dominusarmenterianus
653 3887 832 3953 repugnare
842 3871 1040 3938 conclusioni
1049 3869 1206 3934 facultatis
1215 3868 1296 3930 facte

215 3967 272 4048 xij·
285 3967 430 4032 octobris
446 3969 521 4031 anui
542 3967 576 4049 lj,
597 3968 647 4032 cui
669 3969 752 4034 idem
776 3970 1013 4050 subscripserat
1038 3984 1132 4031 mauu
1154 3965 1294 4047 propria,

217 4067 458 4132 conclusionem
473 4067 570 4144 [fecit]
585 4067 669 4131 idem
682 4069 832 4134 dominus
844 4071 985 4133 decanus
1001 4069 1032 4131 in
1049 4065 1296 4148 congregatione

216 4165 378 4230 facultatis
392 4166 424 4228 in
444 4167 650 4231 renovatione
675 4168 779 4248 magni
802 4165 955 4231 ordinarii
978 4165 1218 4247 proponendum
1241 4161 1297 4225 do
