3236 4952
738 447 923 510 -134-

284 643 347 709 qoe
368 626 487 692 habere
510 633 644 707 possent
667 643 705 692 ex
728 641 824 692 causa
847 635 880 693 et
905 627 945 693 de
967 625 1133 692 erectione
1155 623 1267 689 schole
1288 621 1375 704 ejns·

284 725 391 802 modi;
408 726 513 790 visum
529 733 616 791 esset
630 725 691 806 ipsi
708 725 760 790 hic
776 734 898 791 tantum
920 724 1176 808 proponendum,
1194 739 1233 787 an
1249 722 1377 806 placeat

284 823 426 890 dominis
439 823 534 905 hujrrs
549 825 668 906 negotii
681 824 856 906 plenariam
867 825 1130 890 commissionem
1143 823 1219 887 dare
1231 821 1373 886 dominis

283 923 451 1006 utriusque
463 923 546 1005 juris
562 924 724 990 licentiato
740 924 871 989 domino
887 925 1033 1006 syndico,
1048 923 1180 990 domino
1197 920 1369 1003 receptori,

283 1020 415 1086 domiuo
432 1021 571 1102 Principi
588 1034 619 1088 et
634 1022 766 1086 domino
785 1022 900 1087 loanni
919 1022 1062 1097 Bellero,
1080 1019 1136 1102 qui
1161 1035 1235 1086 cum
1250 1019 1377 1084 decano

284 1128 315 1186 et
340 1119 548 1184 assumendis
571 1128 670 1185 totum
694 1120 890 1186 concludant
912 1121 1135 1202 proponendo,
1168 1117 1375 1199 excipiendo,

285 1218 500 1294 defendendo,
526 1219 763 1294 concludendo,
793 1229 889 1300 prout
917 1219 1080 1284 videbitur
1109 1234 1169 1299 pro
1195 1217 1318 1282 honore
1343 1223 1379 1282 et

286 1316 422 1382 utilitate
438 1317 600 1382 facultatis
624 1318 787 1398 excidere.
805 1323 899 1394 hcm,
914 1318 998 1394 Vlll,
1016 1318 1073 1384 fol.
1092 1317 1131 1382 87
1147 1327 1189 1382 r0.

330 1493 345 1523 ι
361 1467 419 1529 llic
443 1467 527 1542 lune,
543 1467 601 1545 aiij
624 1469 738 1530 mensio
764 1467 913 1547 februarii
939 1467 1020 1530 1559
1023 1513 1087 1532 .....
1114 1465 1218 1546 Super
1245 1462 1377 1544 negotio

285 1565 430 1648 magistri
445 1565 771 1632 franciscillieulant
786 1567 874 1632 dedit
895 1567 1029 1633 facultas
1046 1563 1279 1631 commissoriis
1302 1562 1375 1628 suls

285 1663 417 1729 domino
430 1665 588 1746 receptori
601 1665 771 1742 facultatis,
782 1665 912 1731 domino
926 1665 1072 1747 Sexaglo,
1083 1680 1195 1730 sacrae
1209 1661 1374 1742 theologie

285 1762 462 1839 licentiato,
479 1764 611 1828 domino
627 1765 765 1840 sindico,
782 1765 915 1831 domino
930 1763 1063 1830 Belleuo
1086 1773 1118 1830 ct
1133 1763 1266 1828 domino
1284 1761 1377 1824 Prin·

285 1861 361 1942 cipi,
386 1861 470 1942 juris
501 1863 668 1944 utriusque
698 1863 883 1940 licentiatis,
906 1862 1132 1928 authoritatem
1160 1857 1374 1944 protestandi,

286 1959 431 2041 litigandi
448 1969 481 2025 et
492 1961 598 2025 omnia
612 1962 759 2039 faciendi,
774 1979 974 2044 quecumque
985 1963 1017 2026 in
1030 1977 1070 2028 eo
1083 1961 1212 2043 negotio
1228 1959 1373 2024 facienda

287 2059 498 2135 videbuntur;
523 2059 729 2142 decrevitque
752 2079 877 2138 omnes,
896 2063 949 2144 qui
972 2071 1047 2127 sunt
1070 2062 1110 2126 de
1133 2060 1272 2125 consilio
1297 2057 1375 2122 Uni-

286 2157 461 2232 versitatis,
478 2159 539 2222 sub
558 2159 740 2239 juramento
763 2178 837 2226 esse
852 2163 1015 2226 vocandos
1038 2161 1077 2224 ad
1100 2163 1276 2242 proximam
1299 2173 1376 2222 con·

287 2255 506 2337 gregationem
528 2257 612 2322 dicte
627 2259 868 2333 Universitatls;
888 2260 1134 2340 mandatumque
1157 2267 1207 2324 est
1222 2257 1375 2323 omnibus

288 2360 364 2418 tunc
392 2356 594 2435 presentibus
620 2358 652 2420 in
676 2373 713 2422 ea
739 2357 988 2440 congregatione
1016 2357 1177 2423 facultatis
1203 2357 1264 2421 sub
1287 2355 1377 2436 jura·

290 2462 398 2517 mento
415 2471 478 2518 non
496 2456 638 2521 revelare
654 2473 856 2539 quecumque
878 2466 1011 2522 tractata
1028 2459 1156 2522 fuerunt
1178 2454 1382 2536 superdicto

290 2551 419 2633 negotio
435 2554 578 2633 magistri
596 2553 760 2621 Frartcisci
776 2557 938 2622 Nicolaut.
956 2557 1046 2631 Aera,
1065 2555 1146 2631 Vlll,
1167 2555 1222 2619 fol.
1240 2554 1279 2618 90
1295 2565 1337 2616 r⁰.

335 2721 348 2758 o
370 2703 620 2786 hierocaesarea
641 2707 754 2768 memte
768 2706 921 2786 februarii
943 2706 1036 2782 1559,
1054 2705 1174 2769 indicta
1201 2703 1260 2768 luit
1281 2702 1379 2783 depu-

291 2800 368 2864 tatio
385 2801 545 2866 facultatis
567 2804 598 2866 in
617 2821 731 2884 magno
761 2823 895 2870 numero
918 2815 1198 2886 congregatorum,
1216 2813 1248 2868 et
1270 2802 1379 2866 datum

291 2897 350 2962 fuit
367 2902 547 2965 mandatum
571 2901 701 2968 domino
718 2904 851 2984 syndico
870 2904 1031 2968 facultatis
1055 2901 1255 2984 proponendi
1279 2899 1379 2964 verbo

292 2999 554 3077 protestationem
571 3011 758 3082 conceptam
774 3011 806 3066 et
821 3003 933 3067 lectam
950 3019 1060 3067 coram
1076 3001 1247 3083 deputatis,
1262 2997 1381 3064 deinde

292 3095 415 3176 scripto
438 3099 647 3163 exhibendam
675 3102 706 3164 in
732 3101 857 3181 publica
881 3101 1131 3182 congregatione
1156 3096 1384 3164 Universitatis

293 3209 393 3274 super
408 3199 537 3278 negotio
554 3201 695 3280 magistri
714 3199 876 3264 francisci
892 3199 1051 3265 Nicolant.

335 3315 354 3352 a
368 3295 518 3360 Secundo
534 3297 642 3362 datum
665 3308 715 3363 est
731 3300 825 3363 etiarn
848 3301 1029 3364 mandatum
1054 3297 1250 3380 procedendi
1266 3303 1379 3361 contra

294 3390 413 3456 dictum
437 3395 624 3476 magistrum
641 3397 847 3462 Franciscum
870 3399 909 3462 ad
925 3399 1164 3463 revocationem
1188 3395 1378 3478 iujuriarum

293 3499 325 3554 et
351 3491 450 3556 libelli
479 3494 604 3570 famosi,
629 3497 758 3560 exhibiti
786 3498 926 3562 dominis
949 3499 989 3562 de
1012 3497 1227 3561 Universitate
1252 3506 1284 3560 et
1310 3493 1382 3558 aliis

295 3590 414 3666 multis,
440 3595 643 3673 presentibus
667 3597 807 3660 dominis
829 3607 1008 3676 receptore,
1033 3595 1220 3677 llaldegem,
1249 3595 1378 3666 Germe,

295 3687 480 3766 l’lansonio
498 3693 683 3768 Weerteno,
701 3695 877 3771 Goernero,
895 3696 1076 3771 Hornlens,
1094 3697 1219 3771 Priore,
1234 3693 1376 3768 Belleuo,

293 3785 454 3866 Tsestich,
472 3793 575 3870 Porci,
590 3794 692 3858 Castri
716 3796 901 3875 regentibus
913 3795 963 3874 (l),
988 3803 1019 3860 et
1041 3811 1091 3859 me
1114 3795 1209 3860 Petro
1232 3792 1379 3868 llorelio,

296 3887 430 3953 decano.
450 3913 466 3947 n
483 3892 573 3964 herr,
591 3893 674 3970 Vlll,
691 3894 745 3958 fol.
763 3893 802 3957 90
819 3903 862 3958 v⁰.

333 4086 371 4158 (1)
391 4087 498 4158 Rulger
516 4090 640 4161 Prpsers,
661 4091 696 4146 dc
719 4092 890 4157 Maestrichl,
913 4097 940 4147 el
961 4091 1030 4148 Jean
1050 4093 1126 4158 Lael,
1148 4091 1182 4145 de
1202 4087 1382 4161 Baerdnyclr‚

294 4175 399 4232 etaient
413 4181 639 4250 respectivement
652 4181 762 4252 regants
775 4183 824 4239 des
838 4183 1004 4255 pedagogiea
1017 4183 1055 4237 do
1068 4184 1141 4238 Porc
1153 4187 1180 4238 at
1196 4182 1233 4235 du
1249 4179 1380 4236 delecu.
