3186 4942
741 410 926 478 ..380-

289 596 451 664 nobitieae
470 594 663 678 disciptinae
678 594 858 673 studiosus,
875 594 930 677 qui
945 593 1177 660 monasterium
1194 593 1380 663 Parabeuse

288 695 399 761 multis
424 693 569 776 partibus
591 693 680 760 auxit
705 710 743 760 ac
766 693 944 770 decoravit,
968 708 1007 760 ao
1034 693 1132 758 multa
1157 705 1379 776 quoquotum

287 795 411 860 ordinis
446 803 514 860 tum
544 793 739 875 reipublicae
775 809 872 858 eausa
906 791 1027 858 utiliter
1055 792 1168 874 gessit.
1198 792 1376 876 ablegatus

288 895 459 976 aliquando
486 896 581 972 laurio
611 892 734 960 scilieet
764 893 842 957 itti
873 892 1012 970 ineunte)
1038 908 1056 956 a
1083 891 1185 956 tribus
1213 891 1375 968 Statuuur,

287 1011 370 1076 quos
399 1003 524 1068 ruant,
555 991 725 1058 ordinibus
760 991 799 1057 ad
831 1007 941 1074 regem
976 989 1159 1072 Philippum
1193 989 1232 1061 ll.
1264 991 1376 1056 tributi

286 1091 453 1176 eujusdam
478 1091 678 1158 exactionem
703 1090 743 1156 ab
767 1091 921 1156 universo
949 1090 1060 1172 Belgio
1088 1089 1279 1172 deprecatus
1308 1103 1375 1156 ost.

286 1193 449 1259 Reuersus
461 1191 493 1255 in
505 1190 852 1273 patriam,lrausioauo
865 1189 1086 1272 prinoipi,turo
1098 1191 1184 1256 eirea
1195 1191 1372 1255 {lovanium

285 1291 394 1356 omnia
417 1289 518 1356 milite
540 1298 572 1357 et
590 1290 728 1355 tumultu
752 1287 914 1366 miscenti,
929 1287 1125 1370 aliquamdiu
1148 1287 1283 1360 restitit:
1299 1289 1374 1368 sod,

286 1389 389 1458 turbis
413 1388 698 1463 iuraleseeutibun
730 1379 889 1470 ooneepto
918 1387 1016 1452 aunt
1045 1403 1195 1454 moerore
1220 1387 1372 1470 paulatin

284 1488 439 1572 elanguit,
465 1505 503 1554 ae
528 1487 656 1556 demum
682 1486 815 1556 Luvanii
838 1486 892 1554 die
921 1485 961 1550 22
986 1485 1170 1554 decembris
1192 1495 1373 1552 extremum

285 1587 433 1669 spiritum
448 1584 579 1654 efflavit.

324 1719 357 1802 b)
377 1718 529 1802 Aeptutne
548 1717 708 1792 Heinsius,
726 1716 823 1798 uulgo
845 1719 964 1799 limos,
981 1715 1234 1784 averbodiensis
1255 1717 1369 1796 abbas,

284 1835 369 1884 anno
391 1817 473 1884 lddl
493 1825 693 1900 assumptus,
710 1825 742 1882 et
766 1815 837 1897 ipse
855 1831 985 1898 quoque
1006 1815 1187 1881 studiorum
1211 1815 1316 1882 laetor
1329 1833 1368 1884 ue

284 1917 494 1983 Norbertiuae
510 1915 700 1995 disciplinae
717 1922 902 1997 promotor;
926 1915 981 1996 qui
1000 1931 1060 1996 per
1074 1931 1177 1981 annos
1192 1915 1315 1997 aliquot
1336 1916 1372 1981 in

284 2017 336 2080 illa
363 2026 542 2096 temporum
568 2015 717 2096 angustia
742 2014 1012 2080 brabantinorum
1041 2014 1190 2079 oudinum
1216 2015 1370 2096 negotiis,

283 2115 495 2180 commissarii
508 2114 611 2189 titulo,
628 2112 776 2180 intendit.
790 2112 879 2178 Obiit
894 2129 971 2180 veto
997 2112 1038 2176 dli
1058 2112 1252 2194 septembris
1275 2114 1370 2180 loll.

284 2213 371 2279 lluas
387 2213 441 2278 ille
453 2229 512 2294 pro
523 2213 593 2278 suis
603 2212 720 2278 bursas
733 2213 923 2278 fundaverat
933 2211 985 2276 bie
997 2211 1210 2278 lideoembris
1222 2213 1299 2278 liiii
1315 2213 1370 2291 (ll.

324 2347 354 2426 c)
375 2342 508 2411 llioboe'l
536 2344 701 2419 llulenius,
738 2342 864 2424 origiue
901 2341 1133 2420 Bruxeliensis,
1164 2343 1373 2410 Ninevieusis

282 2442 382 2508 abbas
403 2443 476 2524 ipso
498 2459 582 2508 anuo
606 2443 684 2506 lili
699 2442 846 2518 eleetos;
870 2440 963 2523 ouius
976 2457 1016 2508 ea
1040 2441 1098 2507 luit
1120 2441 1304 2519 infelicitas,
1320 2451 1366 2520 ut,

281 2541 455 2608 haereticis
470 2541 578 2606 omnia
594 2541 758 2622 susdeque
772 2541 973 2606 vertentibus
986 2549 1021 2606 et
1035 2556 1128 2607 saera
1144 2543 1277 2621 prolana
1293 2541 1370 2607 mis-

281 2640 441 2716 centibus,
459 2639 641 2708 Bruxellam
656 2641 839 2723 profugere,
856 2640 1010 2706 iratribus
1025 2640 1088 2706 hue
1102 2639 1181 2708 illue
1195 2640 1369 2722 dispersis,

279 2756 365 2836 anno
393 2741 471 2804 {578
493 2750 676 2821 cogeretur,
693 2756 731 2805 ae
754 2751 845 2821 peste
867 2748 1039 2821 eorreptus
1061 2739 1175 2805 eodem
1196 2756 1294 2817 auno,
1314 2739 1371 2806 die

281 2838 321 2901 ts
347 2837 554 2920 septembris,
577 2839 833 2920 extingueretur3
860 2839 893 2903 in
920 2839 1032 2905 eadem
1060 2839 1139 2905 urbe
1159 2839 1306 2922 sepultus
1333 2839 1370 2902 in

280 2938 400 3017 templo
415 2939 518 3003 saneti
533 2936 700 3019 Gaugeriei
717 2935 769 3018 (9).

313 3151 355 3222 (l)
376 3175 390 3197 ι
402 3151 535 3222 Aegidius
549 3152 651 3226 Heyns,
667 3151 820 3220 cibalensis,
834 3151 919 3206 abbas
932 3149 1153 3215 averbodiensia,
1168 3149 1211 3204 vir
1231 3149 1290 3206 selo
1307 3149 1367 3205 dia·

278 3241 399 3313 eipliuae
412 3243 580 3300 monasticae
599 3261 693 3298 umore
705 3243 875 3311 exuberaus3
896 3244 976 3313 eujus
988 3257 1072 3298 ouras
1083 3259 1179 3299 omnes
1192 3241 1222 3296 in
1236 3258 1269 3298 eo
1286 3247 1366 3298 amnt

280 3332 395 3403 positae,
411 3339 443 3388 ut
461 3350 517 3388 nou
530 3334 611 3388 modo
631 3334 660 3388 in
673 3351 724 3388 sua
743 3334 863 3398 abbatia,
878 3349 973 3388 verum
991 3333 1075 3388 etiam
1094 3333 1124 3387 in
1137 3331 1237 3388 ceteris
1255 3332 1365 3388 candidi

279 3425 361 3478 iatius
374 3424 657 3482 Prasmonstratensis
669 3424 790 3482 instituti
803 3423 930 3490 abbatiis,
944 3423 1071 3480 moeniei
1083 3439 1145 3479 vere
1159 3423 1365 3480 praemonstra·

278 3522 379 3582 tenses,
401 3515 453 3572 hoe
472 3523 514 3570 est
535 3521 600 3570 aliis
621 3521 696 3570 oiom
714 3525 980 3582 praemonstrantes,
1002 3513 1120 3570 inueniri
1141 3521 1263 3586 possent.
1286 3515 1368 3571 Unde

279 3606 398 3661 meltum
412 3607 533 3662 laborem
546 3605 673 3662 adhibuit
688 3607 722 3661 ad
737 3606 886 3662 laudabilis
899 3605 929 3662 in
942 3605 1090 3662 Academia
1104 3605 1268 3662 bononiensi
1280 3605 1366 3660 Pras-

279 3697 488 3752 nsonslrateusis
509 3697 621 3768 collegii
643 3698 818 3754 ereetionem.
844 3697 919 3753 Obiit
940 3714 1013 3754 auno
1040 3697 1124 3766 1574,
1147 3714 1165 3751 a
1186 3699 1266 3766 quus
1288 3697 1366 3753 obitu

278 3787 383 3842 vaeavit
400 3789 478 3842 sedes
498 3787 645 3842 abbatialis
658 3789 869 3844 everbodieusia
887 3805 974 3862 usque
993 3789 1028 3844 ad
1041 3805 1144 3843 aunum
1167 3787 1247 3844 1585.
1261 3813 1274 3834 ·
1295 3787 1372 3843 Note

275 3885 309 3932 de
322 3879 397 3936 Bato.
416 3879 506 3952 Voyez
526 3879 613 3948 aussi,
628 3898 664 3934 au
684 3883 757 3951 sujet
775 3881 809 3936 de
828 3897 859 3936 ee
879 3883 980 3952 prelati,
996 3881 1028 3935 P.
1050 3881 1084 3936 1).
1100 3881 1189 3946 Kurra,
1207 3880 1290 3934 Gbeel
1309 3896 1371 3934 ver·-

277 3975 382 4034 moerd,
399 3989 445 4042 pp.
460 3971 593 4030 :tul-385.

281 4055 293 4072 ’
314 4061 352 4134 (2)
372 4062 461 4134 Voyoz
483 4081 530 4117 sur
550 4063 655 4118 Michel
681 4063 740 4118 Van
763 4063 812 4120 der
830 4063 935 4129 Maleo,
956 4063 1026 4118 abbe
1045 4063 1079 4119 de
1100 4063 1215 4128 Ninovo,
1238 4063 1366 4130 Ptousa,

278 4155 433 4222 Menoetes,
448 4155 491 4208 od.
508 4154 624 4219 indolio,
642 4156 663 4218 1,
680 4173 707 4226 p.
724 4155 788 4212 306.
