3236 4952
698 414 884 476 -lbl-

244 593 417 660 donatione
443 595 527 659 inter
551 594 655 660 vivos.
684 594 806 660 Deinde
832 593 1012 676 pecuniam.
1041 611 1122 676 quae
1149 594 1333 675 recipienda

246 695 328 759 loret
357 710 396 758 ex
425 693 636 774 pensionibus
665 694 829 764 vitalibus.
859 695 1021 758 transtulit
1050 695 1270 775 applicandam
1302 697 1333 758 in

246 809 318 858 eum
337 809 441 868 usum,
459 794 513 874 qui
529 793 591 856 sibi
607 803 638 856 ot
654 792 784 857 domino
800 792 994 858 cancellario
1013 793 1211 874 coniunctim
1227 794 1333 860 bonus

246 907 283 956 ac
307 892 392 956 utilis
414 893 589 956 videretur.
607 892 754 956 scribitis
778 892 883 956 visum
906 891 1034 972 quidem
1058 892 1189 958 domino
1213 893 1333 957 Victori

246 991 347 1056 luisse
369 1007 439 1056 aum
467 992 634 1071 pecuniam
658 992 912 1073 inaugmentum
936 992 1106 1056 bursarum
1130 1002 1332 1068 convertere,
1405 1063 1407 1066 ,

247 1091 303 1156 sed
331 1091 491 1156 existimat
517 1091 667 1156 domiuus
692 1089 905 1156 cancellarius
932 1089 963 1153 id
990 1089 1058 1154 lieri
1086 1091 1243 1154 intutum
1271 1107 1335 1155 non

246 1206 343 1272 posse
367 1208 405 1253 cx
420 1205 471 1264 eo,
489 1190 573 1270 quod
598 1189 769 1270 collegium
792 1189 975 1268 sumptibus
992 1189 1127 1254 militum
1149 1199 1181 1254 et
1197 1191 1333 1256 aliorum

246 1304 379 1352 onerum
395 1291 514 1368 asperi,
532 1289 654 1364 miseri,
674 1289 776 1352 tristis
798 1305 836 1352 ao
853 1289 1026 1368 periculosi
1049 1290 1150 1353 nostri
1174 1292 1333 1370 septennii

246 1387 434 1452 exhaustum
450 1403 488 1452 ac
505 1396 725 1468 postergatum
744 1388 796 1462 sit,
815 1404 953 1468 esseque
969 1388 1045 1452 illud
1067 1389 1161 1464 istius
1178 1391 1336 1470 pecuniae

247 1485 393 1550 subsidio
409 1504 447 1552 ex
464 1496 553 1567 parte
579 1487 610 1550 in
627 1489 786 1568 integrum
803 1487 1055 1562 restituendum;
1074 1487 1150 1550 nihil
1173 1499 1277 1553 tamen
1294 1489 1335 1554 de

248 1601 286 1650 eo
299 1584 422 1668 judicat
437 1585 667 1662 definiendum,
685 1596 852 1668 antequam
871 1585 988 1668 aliquid
1006 1587 1081 1649 inde
1100 1587 1141 1650 sit
1156 1599 1333 1668 receptum.

250 1683 349 1748 Bursa
365 1697 468 1748 autem
485 1686 605 1750 domini
623 1685 760 1750 Victoris
777 1684 872 1766 (quod
889 1695 1053 1764 postremo
1069 1686 1154 1749 seire
1170 1685 1333 1750 desidera-

248 1782 340 1860 batis)
356 1800 395 1848 eo
417 1785 489 1848 loco
511 1794 573 1860 est,
592 1793 625 1848 ut
644 1783 708 1864 jam
732 1799 750 1846 a
772 1783 993 1866 quinquennio
1017 1800 1241 1864 possessorem
1271 1801 1334 1848 uon

248 1881 405 1956 habuerit,
424 1882 520 1964 idque
543 1883 602 1946 hac
624 1881 664 1948 de
684 1898 795 1958 causa,
812 1883 886 1964 quia
908 1883 1076 1964 collegium
1093 1882 1270 1946 sabaudiae
1293 1881 1335 1946 ob

248 1979 393 2044 bellicam
421 1981 503 2045 bano
526 1981 727 2046 sterilitatem
754 1982 856 2046 abeo
881 1981 1187 2060 temporeredditui
1215 1981 1264 2045 uel
1295 1997 1334 2046 ex

248 2079 372 2144 modica
396 2087 485 2160 parte
508 2079 664 2144 solvendo
687 2081 847 2160 impotens
874 2079 969 2144 luerit
995 2087 1026 2142 et
1050 2079 1222 2152 adhaesit,
1242 2088 1337 2160 prout

248 2177 323 2240 mihi
340 2179 490 2243 dominus
507 2179 694 2259 praesidens
710 2196 818 2244 coram
840 2180 972 2244 domino
987 2179 1180 2244 cancellario
1196 2179 1333 2245 subinde

248 2276 432 2342 declaravit.
464 2277 663 2358 Quapropter
692 2295 752 2344 neo
782 2289 908 2358 tempus
937 2277 1042 2341 adhuc
1071 2287 1121 2342 est
1151 2277 1333 2342 bursarium

249 2377 424 2456 recipendi,
457 2377 687 2442 destitueretur
722 2378 807 2442 enim
845 2393 923 2442 suae
959 2377 1076 2441 bursae
1105 2378 1336 2441 emolumento.

249 2475 306 2540 llis
327 2492 377 2540 me
399 2477 437 2539 ad
460 2477 603 2556 quaesita
627 2485 732 2542 vestra
756 2459 966 2556 respondisse
989 2475 1149 2540 existimo.
1168 2476 1334 2555 Superest,

250 2583 282 2638 ut
305 2574 411 2654 pietali
428 2585 553 2640 vestrae
575 2591 707 2656 magnas
731 2591 821 2656 agam
845 2575 977 2655 gratias,
996 2575 1080 2655 quod
1106 2583 1193 2637 tanta
1210 2590 1335 2654 promp-

249 2673 384 2738 titudine
406 2691 443 2739 ac
458 2673 676 2740 sollieitudine
699 2675 831 2754 petitum
847 2673 988 2738 odicium
1007 2673 1100 2737 nobis
1124 2671 1336 2754 praestiterit,

248 2787 367 2850 rogans
393 2771 532 2836 divinam
556 2773 769 2843 clementiam.
796 2779 830 2837 ut
852 2772 996 2837 eamdam
1021 2772 1169 2852 pietatem
1196 2781 1280 2834 tuam
1304 2770 1336 2832 in

251 2879 438 2950 tempestate
455 2872 545 2936 navis
561 2889 684 2936 remum
699 2889 737 2936 ac
753 2889 790 2936 ex
807 2881 896 2952 parte
911 2871 1036 2934 clavum
1054 2881 1226 2944 tenentem,
1241 2885 1335 2949 pros·

251 2985 327 3049 pere
352 2969 489 3034 deducat
512 2987 549 3034 ac
565 2971 718 3051 integram
742 2979 924 3044 conservet,
943 2969 1069 3049 meique
1093 2968 1280 3033 memoriam
1303 2967 1336 3030 in

250 3068 372 3132 sanctis
388 3067 557 3132 sacrificiis
574 3069 691 3132 vestris
707 3068 844 3132 subinde
860 3068 953 3132 uobis
970 3067 1117 3147 inspiret.

292 3167 434 3243 lovanii,
452 3167 491 3230 25
507 3167 689 3232 decembris
705 3184 789 3231 amm
806 3168 897 3230 1585.

893 3265 1019 3328 lacobus
1034 3265 1168 3338 luimus,

801 3375 908 3428 vester·
924 3365 955 3426 in
974 3363 1109 3428 [lomiuo
1127 3377 1253 3426 servus.

289 3515 510 3596 Super-rcriptlo
529 3515 676 3580 :Eximio
693 3515 822 3578 domino
845 3531 883 3578 ae
900 3531 1012 3578 sucrae
1035 3504 1216 3592 theologiae
1238 3509 1339 3573 licen-

251 3614 327 3679 tiato
351 3614 482 3678 domino
508 3614 643 3678 blathiae
668 3613 868 3686 lambrecht,
886 3611 1158 3693 archipresbitero
1181 3606 1338 3688 Brugensi

249 3711 454 3794 dignissimo,
472 3711 602 3777 domino
619 3729 690 3776 suo.
709 3711 831 3773 ssnucrs.

707 3844 838 3900 Archives
851 3845 885 3898 de
898 3825 990 3907 l'htat,
1006 3849 1022 3898 d
1036 3845 1153 3912 Bruges.
1169 3839 1301 3896 Anchises

685 3936 916 4008 ecolesinsliques,
932 3943 1034 4007 paquet
1050 3942 1081 3988 n⁰
1093 3936 1129 3988 77
1144 3932 1249 4006 (7753),
1265 3939 1296 3983 n⁰
1309 3928 1339 3988 4·

698 4143 891 4152 *-
