3130 4956
786 468 969 550 --llt‘l-·⁵

342 659 479 734 ditiones
495 667 646 749 quasdam
664 685 746 734 novo
762 669 882 749 regenti
899 668 992 750 liujus
1015 667 1128 732 domus
1150 665 1334 748 collegisse,
1353 681 1413 730 non

340 767 467 852 quidem
493 776 604 832 contra
631 785 750 843 omnes,
779 768 835 832 sed
863 769 1013 832 maximas
1040 775 1160 831 tanturn
1186 774 1217 830 et
1244 765 1413 845 plurimum

340 883 397 948 pre
418 865 534 930 ceteris
556 866 789 942 exorbitantes;
807 866 947 932 minores
966 865 1135 946 reliquisse
1151 864 1291 928 dominis
1308 863 1412 946 provi·

340 963 468 1030 scribas
483 964 557 1030 buic
571 965 677 1029 domni
699 965 900 1047 proficiendis
926 963 1143 1092 corrigendas,
1162 965 1187 1026 si
1208 963 1252 1028 ita
1273 962 1412 1028 facultati

339 1063 494 1127 videatur.

380 1161 537 1237 Quantum
564 1161 602 1226 ad
633 1162 820 1238 secundum,
847 1162 996 1228 domiuus
1021 1163 1161 1227 decanus
1190 1161 1320 1226 nomine
1350 1177 1412 1243 quo

341 1277 436 1341 sopra
453 1261 648 1341 presentavit
671 1261 810 1326 facultati
833 1261 995 1326 dominum
1015 1261 1207 1325 licentiatom
1224 1261 1410 1341 magistrum

339 1358 570 1424 Theodericum
583 1358 743 1426 ldaelcota
758 1361 931 1434 lovanium
945 1377 981 1425 se
992 1361 1029 1424 ad
1043 1359 1282 1440 suscipiendum
1300 1375 1412 1440 regen·

339 1457 414 1526 tiam
440 1457 554 1522 domus
584 1458 798 1540 pedagogialis
825 1459 894 1522 Lilii
925 1465 1067 1538 rogatum
1097 1467 1128 1523 et
1154 1457 1320 1522 inductum
1353 1457 1413 1522 sub

339 1556 436 1622 certis
452 1557 639 1638 quibusdam
655 1558 903 1634 conditionibus,
921 1575 981 1640 que
1002 1565 1191 1640 sequuntur,
1212 1559 1274 1623 buc
1289 1558 1386 1624 modo
1403 1575 1410 1619 :

365 1755 542 1819 Contractus
556 1755 709 1834 seruitutis
724 1756 834 1819 ulfiam
851 1773 918 1819 oum
934 1756 1056 1818 domitto
1066 1755 1221 1820 licentiato
1236 1758 1383 1836 rnapistrc

339 1853 520 1920 Theoderico
540 1855 669 1920 Muelcot
687 1873 706 1918 u
725 1857 859 1920 Louunio
881 1873 972 1937 super
992 1859 1126 1937 repentio
1143 1855 1305 1938 pcdcpopii
1324 1854 1411 1922 biiii.

379 2034 408 2096 l.
427 2033 462 2096 fn
478 2033 588 2114 primis
604 2035 753 2102 dominus
768 2034 948 2099 licentiatus
964 2035 1096 2099 llaelcut
1111 2035 1266 2116 suscipiet
1280 2051 1297 2098 a
1315 2035 1412 2100 facul·

338 2139 401 2196 tate
427 2132 598 2212 regentiam
626 2133 791 2218 pedagogii
817 2132 899 2210 Lilii,
923 2134 1072 2214 illamque
1094 2149 1152 2197 suo
1176 2132 1305 2214 proprio
1322 2133 1413 2208 lucro

337 2239 537 2310 atqueonere
546 2230 633 2312 juxta
647 2231 855 2298 statutadicte
867 2231 1024 2296 facultatis
1037 2231 1238 2296 laudabiliter
1250 2241 1279 2296 et
1293 2233 1414 2313 absque

334 2326 431 2408 justis
456 2330 596 2410 querelis
621 2329 866 2408 administrabit,
893 2331 1041 2394 familiam
1067 2331 1096 2392 in
1124 2331 1210 2394 dicto
1238 2331 1413 2412 pedagogio

337 2425 456 2491 fovebit
472 2444 559 2493 more
572 2429 644 2493 boni
655 2432 873 2512 regentia,sibr
922 2430 990 2493 ede
1004 2429 1196 2493 necessariis
1209 2429 1240 2492 in
1255 2446 1290 2494 ea
1304 2430 1411 2502 domo,

336 2525 485 2590 videlicet
501 2526 661 2608 magistris
677 2530 865 2594 docentibus
880 2513 1131 2602 etbutensilibus
1143 2528 1324 2608 providebit
1338 2528 1412 2592 abs·

337 2639 398 2704 que
414 2623 584 2702 facultatis,
602 2627 825 2710 magistrorum
851 2641 904 2694 aut
926 2631 945 2694 b
1006 2625 1147 2691 ariorum
1167 2625 1349 2708 sumptibus
1362 2627 1411 2690 vet
1526 2639 1527 2667 ¹

336 2721 500 2787 oneribus.

376 2820 406 2882 l.
425 2818 513 2894 Quod
539 2822 578 2886 ad
605 2823 674 2904 pias
701 2823 902 2891 fundationes
928 2828 1050 2904 attinet,
1080 2821 1259 2886 incitandas
1282 2822 1412 2888 relictas

336 2919 497 3000 magistris
513 2921 700 2986 docentibus
716 2931 863 3003 tanquam
880 2926 1016 3005 gratuita
1038 2928 1079 2992 do
1147 2920 1317 2985 distribuet
1333 2921 1412 2986 solis
1524 2997 1525 3006 ἵ

336 3017 495 3098 magistris
524 3027 594 3083 actu
624 3019 655 3084 in
682 3021 802 3085 artibus
831 3022 1031 3096 docentibus,
1065 3043 1125 3091 neo
1152 3019 1214 3083 ³150
1239 3020 1331 3084 iiiul⁰
1356 3036 1412 3084 ⁶³³

335 3115 504 3181 distribuet
528 3135 622 3197 quam
651 3120 861 3199 gratuitorum
881 3121 1050 3194 donorum,
1069 3141 1162 3204 quom
1191 3117 1231 3182 do
1258 3134 1413 3198 expresse

335 3211 430 3278 babet
454 3223 675 3282 testamentum
701 3217 803 3282 Caroli
829 3218 940 3282 Viruli.
970 3219 1071 3300 Super
1097 3239 1156 3304 qua
1210 3216 1412 3281 'stributiuue

333 3310 426 3376 faciet
441 3329 546 3377 coram
563 3314 700 3380 dominis
721 3315 941 3397 provisoribus
965 3335 1021 3398 per
1042 3319 1221 3386 facultatem
1291 3316 1411 3378 minan·

333 3409 383 3474 drs
408 3411 543 3493 siugulis
565 3429 657 3478 annis
679 3424 874 3496 computum
899 3417 1014 3498 quibus
1037 3417 1183 3484 vrdebcet
1232 3425 1280 3503 agi
1337 3414 1343 3425 '

332 3519 483 3590 quantum
510 3512 645 3593 singulis
671 3514 879 3579 distribuerit
911 3517 1026 3581 bursas
1052 3535 1204 3620 quoque
1201 3522 1370 3612 scholarib
1400 3579 1415 3596 „

331 3609 557 3689 pauperibus
550 3627 582 3674 m
608 3611 783 3694 pedagogio
806 3614 925 3679 dictu
918 3631 948 3677 m
975 3615 1097 3680 artibus
1113 3598 1315 3685 studentibus
1332 3595 1441 3692 cosp,

327 3703 422 3782 feret,
446 3717 477 3772 et
499 3723 560 3772 non
583 3709 666 3787 aliis,
687 3710 774 3790 juxta
798 3714 977 3777 testamenti
1002 3723 1157 3780 tenorem.
1175 3716 1313 3797 Tempus
1328 3738 1414 3792 vero

329 3806 504 3871 vacationis
519 3807 699 3884 bursarum,
717 3811 743 3875 si
762 3811 841 3876 ultra
858 3829 998 3878 mensem
1015 3831 1070 3880 aas
1086 3833 1200 3883 vacare
1221 3818 1410 3904 contigerit,

328 3902 447 3968 cedet
439 3921 471 3967 ru
495 3922 586 3970 usum
604 3924 684 3973 nove
700 3909 939 3977 instaurationis
955 3915 1075 3980 ruinosi
1090 3915 1206 3980 editicii
1224 3918 1407 3986 secundum

329 4002 560 4069 ordinationem
582 4007 782 4073 dominorum
805 4013 1025 4092 provisurum;
1049 4031 1156 4078 coram
1179 4014 1293 4097 quibus
1315 4019 1409 4082 exfri-

328 4097 415 4165 bebit
429 4101 564 4182 singulis
579 4105 671 4169 annis
687 4119 871 4188 computum
883 4111 1064 4189 hujusmodi
1079 4113 1290 4190 vacationum,
1302 4118 1408 4196 speci-

328 4198 463 4278 ifcando,
480 4219 542 4286 que
557 4205 664 4284 bursa,
691 4217 807 4290 quanto
830 4218 971 4289 tempore
988 4211 1157 4286 vacaverit,
1175 4219 1206 4276 et
1221 4225 1336 4294 quanta
1354 4216 1401 4282 sit
