3284 4956
685 459 869 562 ..rat-,-

227 648 497 732 approbationem
519 649 683 720 differens
706 653 907 736 Quapropter
927 649 1078 718 dominns
1100 647 1242 716 decanus
1257 663 1312 716 ex·

228 751 332 816 hibuit
358 752 454 818 dictis
480 753 620 822 dominis
647 754 806 835 predictas
832 752 943 832 copias
965 756 1172 834 computunm
1194 750 1313 816 exami-

229 851 363 922 nandas,
389 860 421 916 et
450 853 560 933 petivit
584 870 695 918 eorum
722 853 762 920 de
790 853 876 918 dicto
905 859 1055 932 computu
1079 849 1256 916 sententias
1282 860 1314 914 et

225 947 394 1030 judicium.
410 951 448 1015 Et
463 961 537 1034 post
552 953 678 1034 longam
695 951 897 1018 collationem
914 957 945 1016 et
959 950 1113 1016 librorum
1129 948 1313 1015 conclusio-

227 1065 310 1120 nem,
336 1058 368 1113 et
393 1051 487 1115 etiam
511 1063 719 1134 computuum
735 1051 959 1125 visitationem,
977 1049 1095 1114 domini
1114 1048 1314 1114 uniformiter

225 1147 446 1214 doliaerarunt
470 1150 680 1217 inherendum
703 1169 778 1216 esse
800 1149 1000 1216 conclusioni
1025 1149 1105 1214 facte
1123 1149 1153 1212 in
1171 1148 1313 1230 plenaria

225 1247 376 1312 facultate
391 1266 476 1312 annu
492 1251 568 1327 xlv⁰‚
580 1252 679 1333 prima
693 1251 793 1333 junii;
811 1267 872 1333 qua
888 1250 1065 1323 ordinatur,
1077 1256 1110 1314 ut
1125 1247 1179 1329 qui
1196 1247 1313 1313 tranent

223 1345 537 1414 administrationem
582 1349 803 1416 fundationum
848 1347 1111 1415 concernentium
1147 1347 1313 1428 supposita

225 1443 387 1510 facultatis
404 1447 532 1518 artium,
552 1465 610 1512 nec
634 1448 749 1512 frabent
765 1447 974 1530 particulares
991 1446 1186 1528 provisores,
1204 1461 1313 1511 coram

224 1543 344 1624 unibus
368 1546 592 1624 particularem
619 1549 753 1612 reddant
771 1548 927 1612 dictarum
944 1545 1163 1611 fundationum
1179 1561 1313 1626 compu-

225 1649 304 1719 tum,
334 1644 469 1708 reddant
495 1647 536 1711 de
558 1657 668 1712 cetero
691 1655 877 1727 computum
900 1647 940 1711 dc
962 1645 1055 1710 dictis
1074 1643 1313 1709 fundationibus

224 1743 1312 1826 coramdcputatisdictefacultatis,priusquamlaciantcompulum

223 1856 334 1904 coram
361 1843 495 1908 domino
526 1856 672 1921 rectore;
701 1847 837 1926 illucque
864 1845 948 1910 hunc
977 1851 1161 1924 computum
1190 1841 1312 1907 domini

224 1941 368 2022 regentis
385 1940 454 2006 Lilii
468 1961 542 2008 esse
556 1960 611 2024 per
626 1944 867 2010 commissarios
881 1943 1039 2008 facultatis
1054 1940 1310 2007 examinandum.

226 2039 261 2104 Et
286 2040 325 2103 ad
355 2043 417 2106 froc
445 2043 604 2108 ordinavit
631 2044 780 2126 antiquos
803 2042 1056 2114 commissarios,
1086 2040 1140 2122 uui
1162 2039 1313 2104 videlicet

222 2149 314 2204 erant
331 2141 469 2205 ordinari
484 2141 611 2207 indicta
628 2143 838 2209 conclusione
855 2143 1013 2207 facultatis
1029 2157 1113 2204 annu
1130 2137 1311 2212 xlv⁰,dumi·

223 2254 283 2301 nos
314 2239 401 2304 Buclr
427 2250 460 2305 et
487 2242 711 2316 llalrermilen,
740 2250 770 2307 et
793 2242 840 2307 eis
862 2239 1065 2322 adiungendo
1081 2237 1230 2303 dominos
1245 2237 1311 2300 Van

222 2339 350 2412 Germe,
380 2338 493 2405 llirloe
519 2351 551 2404 ct
575 2339 734 2406 sincicum
761 2340 931 2406 facultatis.
959 2339 1052 2417 Auru,
1075 2337 1140 2413 vll,
1169 2337 1223 2402 inl.
1251 2335 1311 2400 aad

223 2445 358 2501 Pelii.

205 2708 209 2722 .
266 2636 321 2699 llic
335 2637 457 2710 innatis,
474 2635 647 2716 ianfmcnst'a
655 2638 738 2718 juna
754 2635 846 2710 latit,
860 2635 891 2700 in
908 2636 1004 2701 dorna
1021 2633 1180 2699 facultatis
1195 2634 1311 2702 artium

219 2736 409 2800 convocatis
425 2737 585 2817 deputatis
602 2736 775 2800 ordinariis
792 2753 863 2800 cum
880 2733 1102 2817 complurimis
1119 2751 1156 2798 ex
1173 2736 1310 2800 seniori·

220 2833 282 2898 hus
298 2833 445 2914 ejusdem
464 2835 634 2910 facultatis,
659 2834 719 2898 sub
732 2834 925 2917 juramento,
949 2834 1100 2898 dominus
1121 2832 1263 2898 decanus
1279 2834 1311 2899 in

221 2932 364 2998 medium
388 2933 539 3015 produxit
561 2951 598 2999 se
617 2934 780 2999 audivisse
799 2949 962 2998 rumorem
978 2933 1146 3014 quemdam
1162 2949 1310 3013 sparsum

218 3031 388 3114 cujusdam
416 3033 639 3099 controversie
667 3033 887 3098 verisimiliter
914 3032 1036 3098 oritura
1067 3029 1210 3112 aurtjam
1241 3041 1311 3098 orte

219 3132 303 3196 inter
319 3131 485 3195 dominnm
502 3140 665 3212 regentem
684 3132 850 3214 pedagoga
869 3131 938 3195 lilii
955 3137 988 3196 et
1005 3131 1175 3214 magistros
1190 3130 1309 3196 dnc'en·

218 3229 403 3304 tibuspliaez
417 3231 581 3308 ducentes)
599 3231 629 3294 in
646 3231 759 3296 eodem
779 3231 969 3312 pedagogim
988 3230 1111 3295 ratione
1127 3228 1219 3312 cnjus
1234 3247 1310 3294 con-

218 3330 389 3404 troversie,
408 3346 484 3392 casu
502 3346 566 3410 uuo
583 3346 789 3410 progressum
807 3330 950 3404 liaberet,
970 3346 1032 3393 non
1060 3345 1170 3410 parum
1193 3329 1308 3392 sclran·

217 3429 279 3491 dall
298 3439 329 3492 ea
346 3428 541 3493 incommodi
557 3428 660 3494 eidem
679 3429 856 3510 pedagogio
872 3446 908 3494 ac
925 3429 1078 3510 deinceps
1094 3429 1150 3494 tuti
1166 3429 1307 3492 facultati

216 3529 340 3607 prefate
369 3526 491 3591 oboriri
519 3537 641 3608 posset.
670 3525 727 3592 Cui
755 3529 838 3593 rnalo
866 3536 898 3592 ut
924 3537 1161 3603 occurreretur,
1186 3528 1309 3606 rogavit

216 3626 362 3706 prefatus
377 3626 533 3702 decanus,
557 3641 640 3690 anne
662 3627 783 3708 placeat
807 3626 945 3690 dominis
969 3626 1130 3707 deputatis
1155 3625 1307 3706 predictis

216 3727 362 3806 cogitare
376 3725 519 3800 modurn,
530 3743 593 3807 qun
606 3726 681 3790 nuic
695 3725 777 3790 malo
789 3725 909 3790 obviari
927 3735 1036 3805 posset
1044 3744 1055 3802 ,·
1071 3733 1102 3790 et
1114 3743 1152 3790 ex
1164 3725 1307 3790 omniurn

216 3825 415 3903 prefatorum
439 3825 663 3905 deputatorum
685 3825 769 3889 votis
791 3825 979 3890 conclusum
1002 3833 1051 3890 est
1076 3825 1161 3906 quod
1184 3825 1244 3888 sic.
1270 3823 1308 3888 at

214 3923 253 3986 ad
277 3940 352 3988 cum
377 3923 473 3988 linem
495 3941 551 4003 per
575 3924 715 4005 prelatos
737 3924 888 3990 dnrninos
912 3924 1081 4005 deputatos
1103 3931 1178 3988 sunt
1195 3939 1253 3987 sex
1268 3939 1307 3988 ex

214 4021 338 4087 eisdem
355 4021 449 4086 electi
467 4039 524 4088 seu
541 4022 695 4104 deputati,
708 4039 823 4104 nempe
834 4023 985 4087 dominus
1001 4021 1143 4086 decanus
1158 4021 1306 4101 (lacobus

215 4121 358 4198 Prurin),
376 4119 500 4196 Werdt,
518 4120 639 4195 llirloe,
663 4121 758 4196 Beca,
782 4121 966 4186 Guernerus
987 4129 1019 4185 et
1041 4120 1185 4186 sindicus
1208 4121 1304 4184 facul·

215 4220 301 4296 tatis,
325 4221 367 4286 ad
395 4219 586 4288 audiendum
608 4231 639 4288 et
661 4221 904 4288 convocandum
931 4221 1071 4304 prefatos
1094 4228 1256 4303 regentem
1273 4225 1304 4285 et
