3158 4952
667 477 852 542 -att-

201 657 387 740 proposuit,
401 657 487 739 quod
500 657 620 722 domini
633 657 733 725 velint
745 660 926 727 deliberare
941 662 982 728 de
998 663 1189 729 invenienda
1206 681 1300 746 pecu-

204 757 256 821 nia
279 757 319 820 ad
344 756 607 822 satisfaciendum
630 758 845 825 oreditoribus
868 761 1029 826 facultatis
1053 763 1177 829 ratione
1201 764 1299 845 peda-

201 855 291 938 gogii
304 855 465 931 Falconis,
479 855 548 921 sive
561 872 616 936 per
628 857 711 920 viam
724 858 904 924 amicabilis
921 861 1021 926 mutui
1034 861 1104 926 sive
1119 862 1179 927 sub
1191 877 1298 929 annuo

202 955 345 1028 redditu.
363 964 485 1020 attento
501 957 608 1031 etiam,
625 958 711 1038 quod
727 957 891 1023 debitores
906 959 1027 1025 diutius
1047 971 1216 1040 expectare
1236 975 1296 1028 nc-

203 1056 288 1127 lunt.
310 1054 399 1136 juxta
425 1055 687 1122 commissionem
715 1057 783 1122 sive
809 1058 1054 1124 conclusionem
1076 1059 1216 1124 dominis
1242 1077 1300 1144 per

203 1154 389 1218 facultatem
405 1154 458 1219 die
474 1155 623 1220 mercurii
641 1156 762 1220 mensis
779 1156 931 1222 Februarii
949 1157 1060 1223 ultime
1075 1159 1192 1224 datam.

247 1255 1297 1338 Secundoproposuitsimiliterdominusdecanusqucddomini

200 1353 305 1418 uelint
319 1352 472 1418 ordinare
487 1352 626 1418 dominis
642 1354 876 1418 commissoriis
893 1355 1060 1437 pedagogii
1078 1356 1227 1422 Falconis
1242 1359 1297 1423 sti-

204 1452 357 1532 pendium
373 1461 504 1532 propter
516 1451 644 1516 labores
657 1452 759 1517 tactos
775 1453 806 1516 in
821 1453 1007 1534 hujusmodi
1022 1455 1163 1536 negotio,
1177 1464 1297 1522 attento

198 1551 288 1633 quod
303 1551 369 1632 jam
386 1551 429 1615 sit
444 1559 722 1632 consumpmatum
739 1561 771 1615 et
787 1553 976 1632 perlectum.

242 1649 353 1714 Tertio
370 1649 538 1730 proposuit
550 1649 646 1716 etiam
661 1649 812 1726 dominis,
827 1651 901 1732 quia
915 1651 981 1731 iam
994 1651 1112 1717 domus
1130 1651 1296 1736 pedagogii

201 1748 353 1814 Falconis
368 1749 411 1814 sit
428 1748 580 1828 perlecta.
598 1748 683 1830 quod
701 1760 871 1830 propterea
884 1750 1006 1818 ¹domini
1024 1751 1123 1816 velint
1145 1751 1296 1820 ordinare

200 1847 343 1929 aliquos,
368 1848 422 1928 qui
447 1846 632 1927 hujusmodi
656 1849 787 1912 domum
812 1849 954 1923 visitent,
979 1858 1011 1915 et
1032 1849 1093 1914 sub
1117 1849 1296 1917 inventario

196 1945 334 2010 domino
358 1945 480 2026 regenti
498 1945 646 2009 Falconis
666 1946 823 2027 integram
840 1945 1038 2022 deliberent;
1063 1949 1105 2012 ita
1129 1950 1214 2029 quod
1238 1949 1295 2022 do·

200 2045 309 2109 minus
325 2061 444 2124 regens
460 2043 575 2108 dictam
597 2044 728 2108 domum
744 2061 816 2108 cum
833 2045 902 2110 suis
926 2047 1129 2126 pertinentiis
1145 2047 1297 2128 expensis

197 2142 270 2208 suis
285 2151 416 2208 tenetur
432 2157 596 2222 reparare,
609 2153 642 2209 et
657 2143 696 2206 ad
713 2152 845 2218 statum,
863 2144 896 2206 in
911 2161 975 2226 qrro
992 2145 1119 2210 luerunt
1131 2146 1161 2211 ei
1177 2145 1297 2212 delibe-

197 2251 280 2315 rata.
299 2241 474 2307 restituere
496 2259 545 2316 ea,
563 2258 627 2322 que
649 2243 732 2306 lorte
754 2242 957 2324 contingeret
978 2243 1080 2325 lrangi
1103 2253 1158 2310 aut
1173 2246 1296 2312 destrui

198 2357 258 2420 per
282 2340 511 2421 pedagogistas
533 2357 591 2404 seu
614 2341 708 2416 alios,
726 2341 843 2421 ouibus
864 2358 983 2422 regens
1004 2341 1135 2412 domum
1158 2344 1296 2425 aliquam

195 2439 353 2512 clocavit,
370 2439 402 2501 in
428 2437 577 2504 fenestris
600 2438 715 2518 ligneis
738 2449 770 2503 et
785 2439 888 2512 vitris,
907 2440 938 2502 in
962 2441 1175 2514 insterstitiis.
1193 2443 1296 2522 parie-

197 2538 302 2615 tibus,
320 2553 413 2602 muro
432 2545 464 2601 et
480 2547 575 2611 tecto,
590 2537 734 2604 serraliis
757 2539 795 2601 ad
811 2539 1023 2621 pedagogium
1050 2541 1296 2620 pertinentibus,

199 2636 294 2702 salvo
309 2637 396 2718 quod
421 2636 572 2700 dominus
589 2653 705 2717 regens
729 2653 794 2701 iton
810 2637 969 2702 tenebitur
993 2639 1033 2703 de
1050 2639 1111 2714 bis,
1129 2657 1191 2720 que
1211 2639 1298 2705 aeris

199 2743 395 2816 tempestate
417 2751 475 2798 seu
491 2734 571 2798 alias
593 2751 670 2798 casu
687 2735 890 2816 lragenentur
911 2748 965 2801 aut
980 2738 1242 2812 destruerentur;
1266 2745 1298 2803 et

199 2834 292 2914 quod
315 2833 466 2897 dominus
489 2849 605 2915 regens
627 2833 660 2895 in
680 2849 738 2897 sua
759 2833 957 2912 demissione
980 2836 1122 2916 regentia
1145 2835 1297 2900 insimili

201 2940 290 2996 statu
313 2932 445 2996 domum
468 2931 709 3013 pedagogialem
729 2948 803 2996 cum
830 2932 899 2998 suis
925 2934 1127 3014 pertinentiis
1154 2934 1295 3000 lacultati

199 3030 409 3104 deliberabit,
423 3030 455 3093 in
471 3047 535 3111 quc
552 3039 637 3094 statu
654 3031 712 3094 l'uit
727 3031 756 3095 ei
774 3031 900 3096 tradita.

245 3131 408 3203 Quantum
423 3127 463 3192 ad
480 3127 630 3210 primum,
644 3145 683 3193 ex
699 3128 984 3210 deliberationibus
1000 3130 1204 3197 dominorum
1220 3149 1297 3197 con·

198 3227 302 3294 clusit
316 3226 469 3294 dominus
483 3227 639 3302 decanus,
656 3227 742 3308 quod
760 3227 894 3293 facultas
912 3228 1016 3309 possit
1028 3231 1156 3311 gravari
1176 3231 1209 3293 in
1224 3230 1297 3295 red-

199 3325 399 3392 dituannuo
411 3325 717 3390 duarum-librarum
733 3325 892 3402 Flandrie‚
907 3327 940 3391 in
956 3338 1110 3408 quantum
1126 3345 1208 3411 opus
1223 3327 1296 3394 erit.

204 3423 245 3489 Et
260 3425 301 3489 ad
324 3425 387 3492 hcc
403 3424 584 3490 laciendum
606 3423 727 3488 domini
743 3425 937 3504 deputarunt
960 3426 1110 3492 dominos
1126 3439 1157 3492 et
1181 3427 1298 3508 magis-

202 3535 276 3589 tros
298 3523 457 3588 decanum
482 3531 514 3587 et
536 3531 738 3603 receptorem
762 3521 934 3600 iteritatis,
958 3523 1160 3590 Filmannum
1184 3525 1299 3591 Clerici

205 3631 240 3687 et
263 3620 460 3686 budcvicum
474 3619 542 3684 Van
565 3619 691 3684 Germe.
708 3620 746 3684 Et
761 3631 871 3702 postea
888 3622 947 3687 luit
962 3633 1093 3704 gravata
1115 3623 1250 3689 lacultas
1266 3623 1298 3688 in

204 3719 334 3785 duabus
350 3719 453 3783 libris.

247 3815 409 3894 Quantum
422 3816 461 3882 ad
473 3816 798 3894 secundumdomini
810 3818 1001 3884 ordinarunt
1011 3820 1299 3900 prescriptiscom-

205 3916 369 3982 missariis
382 3915 521 3997 proauis
533 3914 700 3981 laboribus
713 3917 885 4000 unicuique
898 3933 992 3982 unam
1004 3918 1118 3983 libram
1132 3917 1296 3994 Flandrie;

205 4023 239 4080 et
263 4015 338 4096 quia
362 4013 515 4096 magister
541 4013 725 4080 ludovicus
746 4016 812 4079 Van
840 4015 956 4083 Germe
985 4018 1103 4100 iecerat
1123 4019 1299 4106 precipuos

207 4114 349 4190 labores,
367 4112 528 4179 ordinauit
543 4113 573 4178 ei
589 4114 670 4178 duas
685 4113 785 4178 libras
800 4113 961 4180 Flandrie.

251 4205 411 4288 Quantum
427 4211 467 4276 ad
482 4212 623 4288 tertium,
640 4212 762 4279 domini
777 4213 818 4278 ad
833 4215 896 4279 boc
911 4212 1091 4282 laciendum
1107 4217 1300 4285 ordinarunt

295 4333 335 4375 tv.
1179 4317 1218 4381 23
