3232 4942
698 415 882 488 -603-

248 606 417 688 disciplina
431 603 583 687 generosi
599 620 772 688 puerorum
789 604 898 682 animi,
912 613 943 670 et
958 620 1031 670 cum
1047 603 1079 668 in
1097 602 1222 686 plebeio
1236 601 1334 669 scho-

248 707 350 772 larum
367 706 498 787 pulvere
520 704 721 782 adolescunt,
739 703 782 768 nil
807 704 869 768 nisi
893 703 1037 770 scholam
1060 703 1189 769 hahent.
1207 702 1334 768 Utinam

250 806 355 870 minor
366 803 592 886 grammaticae
608 820 723 884 pompa
739 805 843 868 esset!
863 803 988 868 Utinam
1006 819 1063 884 per
1074 802 1215 884 linguam
1230 802 1338 883 potius

250 904 290 970 ad
304 911 485 986 praecepta,
499 920 594 985 quam
606 920 665 983 per
678 912 850 984 praccepta
863 902 901 966 ad
917 902 1060 983 linguam
1072 901 1121 966 uia
1134 899 1233 966 esset.
1246 901 1338 966 Nunc

251 1019 311 1072 uua
335 1003 491 1070 latinitate
513 1002 699 1068 exhauritur
722 1001 859 1074 indoles.
885 1002 976 1067 etad
999 1010 1087 1066 artes
1109 1000 1226 1066 deinde
1248 1001 1337 1064 tarda

249 1112 310 1168 est.
327 1101 375 1166 hn
391 1103 495 1167 dicam
508 1104 521 1164 1
535 1100 688 1167 Ε11103011
711 1101 862 1182 quicquid
886 1109 974 1167 tanto
991 1099 1145 1181 temporis
1166 1099 1337 1181 dispendio

250 1210 387 1268 constat.
401 1201 478 1277 Quis
490 1200 606 1266 deinde
617 1200 656 1265 ad
671 1199 884 1281 prudentiam,
899 1200 938 1265 ad
955 1197 1158 1281 sapientiam,
1173 1200 1211 1264 ad
1225 1198 1337 1280 cogni·

250 1303 369 1366 tionem
389 1301 440 1366 sui
462 1300 573 1366 venit?
589 1299 667 1376 Quis
694 1309 781 1364 artes
806 1299 938 1380 inspicit
967 1299 1064 1384 pacis
1083 1307 1116 1364 et
1142 1298 1243 1364 hellit
1258 1298 1337 1373 Quis

249 1409 376 1466 ueteres
388 1399 451 1464 sthi
467 1399 607 1464 Graecos
620 1399 846 1464 autRomanos
860 1398 1205 1479 proponit,litterarum
1218 1399 1336 1478 auritio

249 1508 282 1565 et
297 1500 397 1565 sortes
412 1507 444 1564 et
465 1498 576 1564 ielices
588 1503 601 1562 t
615 1497 739 1563 Nobilis
762 1515 852 1579 puer,
870 1507 901 1564 et
923 1497 1119 1578 reipublicae
1139 1497 1336 1579 militiaeque

251 1600 406 1674 victurus,
430 1597 492 1662 nisi
514 1597 629 1662 ethicis
652 1613 689 1662 ac
712 1596 851 1678 politicis
873 1586 1049 1661 instructus
1070 1596 1124 1673 sit,
1150 1595 1210 1660 nisi
1234 1595 1335 1662 histo·

249 1697 330 1760 riam
345 1713 383 1761 ac
398 1694 558 1761 mathesin
577 1694 703 1770 calleat,
721 1694 839 1760 trustra
863 1694 938 1759 mihi
955 1694 1084 1759 Latinus
1105 1693 1183 1770 er·it;
1202 1693 1333 1773 frustra,

249 1812 330 1878 quae
352 1795 448 1861 hodie
471 1802 544 1877 post
566 1794 755 1860 latinitatem
778 1793 859 1858 tradi
883 1793 1000 1871 solent,
1025 1793 1164 1858 hauriet.
1179 1793 1334 1876 Linguam

249 1894 346 1977 igitur
357 1895 471 1970 discet,
486 1895 543 1960 sed
555 1894 767 1976 compendio;
785 1903 819 1960 ut
830 1894 870 1959 ad
883 1910 936 1959 res
948 1902 1098 1974 artesque
1112 1891 1332 1958 transferatur.

249 1994 316 2060 1100
345 1993 572 2075 compendium
602 2013 660 2058 usu
689 1995 822 2071 definio,
849 2004 880 2059 et
910 1993 1040 2059 hiennio
1067 2010 1131 2059 uno
1161 1993 1333 2070 concludo,

248 2093 438 2160 brevissimo
453 2093 607 2174 deinceps
629 2094 733 2175 spatio
759 2093 994 2160 institutionem
1016 2101 1114 2159 totam
1140 2093 1335 2170 3110170111

248 2192 468 2258 01301010103.
481 2192 644 2258 11010οη03
660 2201 691 2258 01
704 2201 751 2260 101
766 2201 880 2276 gentes
893 2192 1045 2275 respicio,
1059 2208 1142 2273 quae
1157 2191 1336 2260 Romanum

247 2292 324 2357 olim
339 2308 522 2358 sermonem
535 2302 792 2374 assumpserunt.
811 2291 886 2358 Erat
896 2292 1018 2374 lingua,
1032 2291 1217 2373 priusquam
1231 2309 1335 2374 gram-

247 2391 361 2456 matica
377 2401 465 2456 osset
483 2415 489 2454 :
508 2390 659 2466 difficilis,
674 2400 843 2474 postquam
861 2399 1019 2457 tormenta
1036 2391 1096 2455 ista
1113 2400 1331 2457 accesserunt.

247 2488 326 2555 Cum
342 2489 411 2554 sola
427 2489 629 2556 consuetudo
645 2490 790 2572 peritiam
805 2490 964 2573 gigneret,
981 2488 1162 2556 doctissimi
1178 2497 1209 2555 et
1226 2490 1333 2555 iacun-

247 2587 372 2674 dissimi
398 2597 489 2652 erant
514 2587 592 2664 viri;
622 2605 675 2653 ars
701 2588 891 2666 accedebam
919 2596 1122 2663 ornamento,
1150 2604 1214 2653 non
1242 2589 1333 2653 oneri

247 2693 327 2750 erat.
340 2683 379 2749 Ut
389 2684 578 2764 longissima
590 2685 718 2767 linguae
730 2695 900 2768 praecepta
914 2695 986 2752 nata
999 2696 1086 2762 sunt,
1100 2686 1187 2768 loqui
1204 2685 1333 2752 difficile

247 2783 316 2848 tuit.
334 2782 410 2848 11110
431 2797 514 2863 opus
537 2782 639 2848 inisse
662 2783 776 2860 lateor,
795 2793 830 2850 ut
852 2785 953 2851 semel
975 2784 1115 2850 extincta
1137 2784 1278 2851 latinitas
1293 2785 1333 2850 ad

245 2881 341 2946 vitam
363 2889 570 2947 reuocaretur
595 2899 602 2946 :
630 2881 686 2948 sed
711 2883 785 2965 quia
807 2883 968 2949 virerttem
992 2883 1056 2966 jam
1083 2884 1252 2960 hahemus,
1275 2900 1336 2950 cur

246 2989 394 3062 tanquam
410 2988 567 3045 mortuam
582 2981 788 3063 quaerimus?
805 2981 879 3058 Cur,
895 2992 1003 3064 parata
1018 2984 1082 3060 via,
1096 3001 1154 3065 per
1169 2983 1335 3049 anfractus

245 3079 487 3145 discurrimus?
514 3080 612 3146 ilrror
640 3089 702 3158 est,
733 3090 766 3147 01
796 3082 925 3149 scholas
957 3083 1076 3164 passim
1107 3100 1144 3148 ac
1169 3084 1334 3166 gymnasie

244 3179 351 3244 trahit.
369 3177 549 3245 Periculum
576 3179 758 3246 mehercle
780 3189 859 3258 erat,
883 3198 924 3246 ne
946 3181 1129 3247 academiae
1152 3191 1337 3257 cessarent,¹

244 3278 272 3352 si
288 3286 334 3344 tot
349 3278 491 3360 regulae,
510 3285 555 3343 tot
570 3294 696 3355 cruces,
715 3287 761 3345 tot
776 3281 922 3348 salehrae
937 3280 1221 3363 grammaticorum
1237 3281 1332 3370 dees-

245 3386 328 3442 sent.
345 3377 412 3460 llgo
434 3376 483 3442 sic
499 3377 659 3456 existimo,
683 3394 796 3445 omnes
818 3379 963 3462 ejusdem
987 3380 1074 3462 genii
1096 3379 1223 3463 linguas
1247 3397 1332 3455 esse,

243 3492 356 3542 omnes
367 3495 427 3540 usu
439 3476 604 3553 constitui,
618 3495 678 3541 cau
693 3476 827 3545 addisci.
841 3479 967 3544 Auxilia
980 3466 1085 3545 tame'n
1098 3496 1163 3546 non
1176 3472 1330 3561 rejiciam,

243 3577 270 3642 si
297 3575 413 3641 auxilia
440 3577 523 3652 sint;
551 3576 580 3643 si
606 3575 758 3658 dirigant,
786 3595 849 3644 non
876 3578 1064 3661 impediant.
1089 3568 1332 3645 Nemo'natura

243 3675 365 3742 inuenit
387 3675 540 3758 linguam,
560 3675 618 3742 sed
641 3678 877 3743 consuetudine
901 3679 1050 3743 addiscit.
1075 3677 1128 3743 Sic
1151 3676 1254 3760 pueri,
1283 3677 1334 3740 ina

243 3775 345 3839 lantes
361 3791 435 3839 esso
450 3773 602 3840 desinunt
618 3795 627 3837 ε
645 3775 694 3840 310
715 3793 809 3857 quem
833 3776 935 3857 prima
957 3777 1094 3858 quisque
1117 3785 1222 3842 aetate
1242 3775 1331 3840 audit

188 3939 194 3948 ,
242 3889 438 3950 sermonem,
465 3873 573 3948 discit,
601 3883 632 3939 et
657 3875 864 3940 vernaculum
891 3875 988 3941 hahet
1012 3895 1019 3941 :
1046 3877 1224 3942 Germanus
1250 3875 1329 3941 Ger·

243 3974 418 4050 manicam,
445 3973 554 4040 Gallus
581 3973 756 4050 Gallicum,
784 3975 927 4041 Sarmata
957 3976 1184 4052 Sarmaticum,
1212 3976 1329 4059 Scytha

241 4073 433 4154 Scythicum.
452 4072 532 4148 Quid
548 4073 665 4140 ctiam?
687 4073 735 4142 sic
750 4075 891 4142 advenae
910 4077 1171 4159 peregrinitatem
1187 4084 1328 4155 exuunt;

242 4171 425 4254 multisque.
444 4173 507 4238 hoc
535 4173 707 4252 familiare,
733 4175 877 4280 omnium
909 4175 1029 4258 linguis
1058 4176 1158 4259 loqui.
1186 4176 1249 4242 Sed
1272 4171 1330 4258 qut

325 4307 356 4354 u.
1105 4366 1107 4371 .
1196 4291 1246 4364 39
1298 4361 1334 4370 ..,
