3158 4952
649 401 837 466 ——3te-

228 587 288 649 llic
299 585 461 658 mercurii,
474 575 620 664 vigesimo
632 583 746 646 menda
758 582 991 658 octobrisldlld,
1001 581 1033 646 in
1048 597 1174 647 camera
1187 581 1287 648 rubea

182 686 304 750 domus
332 683 495 746 facultatis
519 681 671 763 magister
691 679 838 748 Julianus
858 683 1014 764 Sapurius
1036 682 1076 746 de
1100 681 1182 746 Aetli
1197 697 1286 746 eom·

188 782 293 863 paiuit
309 798 420 846 eoram
437 781 578 844 dominis
590 780 715 845 decano
731 789 763 845 et
778 781 902 862 aliquot
916 781 1057 846 dominis
1073 789 1104 846 et
1121 781 1284 861 magistris

189 881 364 953 facultatis,
393 895 572 958 exponens,
590 879 753 959 quomodo
773 881 927 944 hesterno
952 879 1004 944 die
1026 897 1135 944 coram
1160 879 1286 944 notario

190 981 353 1046 facultatis
369 991 400 1044 et
416 980 544 1042 duobus
562 978 700 1042 testibus
717 979 894 1060 regentiam
911 980 1028 1044 demus
1045 979 1207 1052 Falconis,
1224 978 1286 1044 sibi

188 1079 252 1160 jam
274 1097 292 1142 a
315 1078 428 1159 paucis
452 1077 568 1142 diebus
593 1095 650 1158 per
677 1079 858 1142 facultatem
885 1095 1089 1154 concessam,
1117 1095 1156 1144 ex
1181 1077 1289 1144 causis
1324 1149 1328 1156 .

190 1179 333 1241 animum
361 1193 457 1241 suum
485 1176 690 1241 moventibus
717 1176 929 1258 resignasset.
958 1177 1006 1250 Et,
1024 1186 1177 1258 quaritum
1202 1177 1233 1240 in
1250 1192 1289 1242 eo

192 1277 261 1352 fuit,
288 1278 407 1342 iterum
431 1276 472 1340 dc
495 1293 578 1340 nevo
600 1277 639 1340 ad
661 1293 773 1341 manus
789 1277 912 1341 domini
929 1278 1042 1341 decani
1061 1287 1092 1341 et
1107 1287 1289 1340 ceterorum

191 1375 399 1441 dominorum
428 1375 501 1439 loco
531 1375 690 1439 facultatis
722 1375 914 1458 simpliciter
943 1375 1136 1457 resignavit,
1167 1376 1290 1441 habeus

190 1475 312 1556 gratias
328 1473 480 1547 dominis,
491 1473 577 1554 quod
591 1474 696 1554 ipsum
710 1475 742 1536 in
755 1475 901 1555 regentia
914 1475 999 1539 dicte
1011 1475 1127 1540 domus
1143 1473 1290 1539 Falconis

193 1573 353 1653 preficere
368 1582 400 1637 et
415 1573 613 1637 constituere
628 1573 749 1654 dignati
765 1581 852 1648 sunt,
866 1590 965 1637 orans
983 1589 1053 1647 eos,
1073 1582 1106 1637 ut
1122 1572 1198 1637 boni
1213 1589 1292 1638 con·

192 1676 312 1750 sulant,
338 1675 424 1755 quod
452 1684 515 1738 tam
542 1673 647 1738 obiter
664 1675 766 1754 ipsam
783 1675 961 1756 regentiam
987 1675 1194 1755 relinqueret.
1212 1675 1291 1740 Nam

193 1776 255 1839 hoe
271 1790 337 1838 non
353 1773 426 1836 sine
441 1773 566 1852 magnis
579 1772 700 1848 causis,
717 1782 791 1852 post
807 1773 1054 1838 conventionem
1069 1791 1142 1838 cum
1159 1773 1290 1838 domino

186 1877 329 1939 doctore
345 1889 444 1952 super
459 1873 650 1937 dimissione
670 1874 838 1954 pedagogii
864 1873 989 1947 initam,
1014 1889 1032 1936 a
1048 1890 1122 1954 qua,
1141 1873 1185 1936 uti
1201 1889 1289 1940 asse-

194 1973 268 2046 ruit,
287 1971 415 2044 resiliit,
433 1971 472 2033 ad
501 1971 647 2034 notitiam
672 1988 762 2034 suam
787 1971 965 2051 productis,
983 1972 1089 2036 lacere
1112 1972 1289 2046 asserebat,

193 2069 367 2151 exquibus
384 2085 420 2133 se
435 2069 534 2132 nimis
549 2079 728 2150 gravatum,
748 2079 782 2134 ut
803 2069 895 2144 dixit,
917 2080 1012 2152 atque
1030 2069 1196 2134 dominum
1212 2069 1291 2136 doe·

194 2180 297 2234 torem
324 2167 494 2233 Reclsium
516 2167 561 2242 id,
583 2169 668 2249 quod
692 2169 724 2230 in
745 2169 958 2234 conventione
974 2168 1137 2248 pollicitus
1153 2177 1213 2240 est,
1232 2167 1291 2234 mi-

193 2269 280 2333 nime
297 2277 444 2346 prestare
467 2283 566 2346 posse
588 2265 701 2330 didicit
723 2275 819 2349 atque
845 2276 935 2332 certo
961 2268 1061 2342 novit,
1077 2267 1122 2331 uti
1139 2266 1290 2332 asseruit.

194 2366 448 2446 Responderunt
470 2365 622 2430 dominus
644 2367 788 2430 decanus
803 2374 836 2430 et
851 2365 949 2430 ceteri
967 2365 1088 2429 demini
1105 2365 1289 2446 hujusmodi

194 2464 449 2546 resignationem
476 2480 541 2527 nen
565 2463 712 2544 privatim
736 2463 769 2527 in
791 2465 998 2544 deputatione
1020 2481 1129 2532 coram
1152 2464 1293 2546 quinque

195 2573 248 2628 aut
264 2581 323 2628 sex
339 2562 515 2644 magistris,
533 2565 589 2627 sed
605 2563 719 2628 meritc
735 2563 768 2626 in
786 2564 912 2644 publiea
929 2565 1179 2651 congregatione
1195 2565 1291 2629 facul·

195 2665 270 2729 tatis
287 2663 358 2728 lieri
374 2662 506 2730 debere.
525 2666 615 2737 Acri,
629 2663 695 2736 Vll,
715 2663 771 2728 lol.
791 2664 829 2726 tl
846 2677 874 2727 r⁰
891 2674 923 2732 et
938 2676 983 2728 νο.

240 2816 299 2878 Die
308 2815 402 2893 jocis,
418 2815 476 2892 cxj
491 2813 621 2876 octobris
638 2813 729 2885 teas,
747 2812 830 2878 inter
845 2814 972 2879 tertiam
989 2821 1020 2879 et
1036 2823 1180 2895 quartam
1196 2814 1293 2879 horas

197 2930 217 2978 a
233 2914 382 2986 meridie,
400 2913 520 2976 indicta
536 2913 595 2977 luit
613 2913 820 2993 congregatio
836 2913 996 2978 facultatis
1013 2915 1128 2977 artium
1146 2913 1177 2976 in
1194 2913 1294 2979 scolis

198 3013 399 3084 artistarum,
435 3011 474 3074 ad
508 3010 700 3076 audiendam
731 3011 999 3092 supplicationem
1031 3012 1175 3092 magistri
1205 3011 1295 3076 Pauli

198 3111 336 3184 Reelsli,
365 3109 510 3174 doctoris
537 3109 709 3184 medicine,
740 3111 845 3190 quoad
875 3111 1050 3192 regentium
1081 3111 1197 3175 domus
1228 3111 1297 3175 sive

197 3209 373 3290 pedagogii
403 3209 566 3278 Falconis,
596 3217 629 3273 et
658 3208 902 3274 deliberandum
931 3211 1082 3290 desuper.
1115 3210 1298 3291 comparuit

201 3307 477 3373 domiuusdoctor
489 3306 633 3387 profatus
647 3307 679 3370 iu
694 3307 820 3387 publica
833 3307 1016 3389 huiusmodi
1027 3308 1296 3390 congregatione;

197 3407 267 3488 oui,
281 3423 399 3486 exque
414 3405 566 3486 magister
578 3403 724 3468 lulianus
740 3405 896 3486 saporius
911 3407 952 3471 de
967 3407 1061 3480 Aetli,
1075 3407 1154 3471 alias
1168 3407 1199 3470 iu
1214 3423 1297 3472 novo

200 3503 373 3569 ordinario
385 3505 423 3581 ll)
437 3521 493 3584 per
506 3503 686 3567 facultatem
700 3520 873 3568 successor
884 3521 963 3569 suus
980 3505 1011 3567 in
1029 3505 1169 3584 regentia
1182 3506 1297 3570 domus

206 3601 357 3667 Falconis
379 3602 548 3666 ordinatus
571 3612 603 3665 et
624 3603 663 3664 ad
685 3603 785 3681 ipsam
802 3605 977 3682 regentiam
994 3604 1168 3679 admissus,
1187 3621 1204 3668 a
1220 3621 1299 3669 eon·

206 3711 309 3765 tractu
322 3717 381 3764 seu
394 3700 609 3764 conventione
622 3716 720 3780 super
733 3700 922 3766 dimissione
935 3719 972 3767 ae
985 3703 1299 3783 resignationedicte

208 3798 323 3863 domus
354 3814 412 3879 per
438 3815 510 3862 eom
536 3815 609 3862 eum
635 3798 749 3862 eodem
774 3800 928 3880 magistro
953 3801 1079 3865 iuliano
1106 3801 1195 3882 prius
1221 3800 1300 3865 inito

207 3897 335 3973 resiliit,
352 3906 449 3977 atque
465 3897 641 3978 regentiam
665 3913 723 3977 pro
740 3897 847 3962 futuro
866 3916 950 3963 anno
967 3899 1028 3963 sibi
1046 3917 1103 3980 per
1118 3900 1299 3965 facultatem

245 4064 284 4136 (ll
298 4063 413 4118 Novum
427 4067 612 4128 ordinarium,
623 4063 728 4134 reprise
742 4065 789 4118 des
802 4082 894 4130 conns,
903 4075 1137 4122 commencement
1151 4069 1184 4122 de
1198 4066 1303 4122 l’annde

209 4153 403 4224 academique.

296 4263 337 4306 tr.
1182 4251 1217 4311 ‘tl
