3236 4952
730 391 916 458 -llo-

283 571 442 638 ecelesiae
471 571 575 638 sancti
608 573 690 637 Petri
722 573 931 638 lovaniensis
961 581 993 637 et
1025 573 1215 653 praesidens
1243 572 1373 651 collegii
1457 601 1461 608 ·

285 669 461 735 sabaudiae
474 687 532 751 pro
545 678 702 750 tempore,
716 673 743 736 si
757 672 875 738 fuerint
887 671 1081 749 residentes,
1095 682 1127 736 et
1142 671 1262 747 studio,
1271 671 1373 752 gradu

284 785 322 836 ao
344 770 548 851 professione
573 771 727 851 theologi,
745 771 794 836 sic
818 781 851 836 ut
878 788 940 836 non
968 771 1035 836 sint
1062 772 1092 834 in
1117 771 1177 834 alia
1203 771 1375 852 superiore

286 869 434 934 facultate
450 871 608 950 graduali.
627 869 659 932 Si
675 888 753 934 veru
775 869 807 933 in
830 871 938 952 aliquo
955 869 1190 950 praedictorum
1207 869 1372 945 deficiant,

287 978 363 1032 tunc
376 984 432 1047 per
443 967 578 1032 alterum
592 968 790 1032 visitatorem
804 978 835 1033 et
848 969 1082 1050 praesidentem
1095 969 1222 1048 collegii
1236 969 1374 1049 eligetur

287 1065 404 1146 aliquis
427 1065 580 1146 magister
596 1065 791 1143 licentiatus,
808 1077 862 1131 aut
880 1066 1102 1130 baccalaurius
1118 1083 1230 1132 sacrae
1247 1067 1371 1132 theolo-

288 1163 371 1245 giae,
399 1164 547 1230 residens
581 1165 611 1228 in
640 1165 855 1230 Universitate
881 1166 1085 1242 lovaniensi,
1116 1182 1210 1246 quern
1241 1167 1280 1229 ad
1311 1167 1374 1230 hoc

285 1261 474 1344 judicabunt
498 1263 581 1326 inter
596 1279 709 1328 omnes
731 1273 940 1328 occurrentes
964 1264 1100 1328 maxime
1118 1265 1289 1338 idoneurn;
1306 1264 1373 1344 qui,

287 1360 351 1424 vita
364 1377 422 1426 sua
438 1362 583 1440 donante,
599 1363 659 1426 erit
675 1362 832 1436 visitator,
847 1362 998 1444 quamdiu
1012 1362 1140 1427 Lovanii
1155 1362 1320 1427 residebit.
1337 1361 1377 1424 Et

289 1459 317 1524 si
343 1459 490 1525 visitator
516 1472 548 1525 et
574 1461 762 1541 praesidens
789 1479 851 1526 non
878 1462 1071 1526 conveniant
1098 1462 1129 1524 iu
1157 1461 1282 1534 eodem,
1301 1472 1378 1524 tuuc

289 1559 480 1640 praesidens
506 1561 633 1642 collegii
662 1560 824 1641 pontilicis
850 1577 910 1626 suo
937 1560 1090 1640 suffragio
1117 1561 1203 1624 litem
1231 1560 1377 1632 dirimeta

288 1657 343 1740 qui
359 1657 454 1722 etiam
470 1676 543 1723 curn
561 1659 765 1739 praesidente
782 1660 965 1724 visitatores
978 1659 1086 1740 eliget,
1101 1660 1128 1722 si
1145 1659 1228 1724 forte
1245 1669 1379 1739 uterque

289 1756 329 1820 ad
352 1756 546 1821 visitandum
569 1758 806 1823 nominatorum
830 1758 860 1820 in
885 1759 1092 1839 qualitatihus
1110 1757 1272 1837 requisitis
1289 1756 1378 1821 defe-

290 1855 388 1929 cerit;
406 1873 469 1936 quo
491 1873 563 1920 cum
588 1856 792 1936 praesidente
816 1857 847 1920 in
870 1858 985 1922 horum
1009 1857 1146 1921 duorum
1171 1865 1224 1919 aut
1247 1855 1380 1919 alterius

291 1953 449 2018 electione
477 1971 539 2018 non
568 1955 791 2026 conveniente,
819 1965 885 2019 turn
914 1955 1057 2020 decanus
1084 1955 1244 2020 facultatis
1267 1970 1380 2018 sacrae

292 2051 473 2133 theologiae
489 2069 548 2117 suo
565 2052 719 2134 suffragio
735 2053 821 2118 litem
839 2054 978 2118 dirimet.

334 2151 453 2216 Horum
470 2151 610 2216 officium
633 2154 706 2226 erit,
723 2162 855 2217 vacante
877 2153 973 2233 huius
1000 2153 1125 2233 collegii
1151 2152 1378 2231 praesidentia,

294 2265 410 2314 novum
427 2251 665 2330 praesidentem
682 2251 861 2326 instituere,
881 2260 911 2316 et
927 2253 1088 2327 eumdem,
1110 2252 1137 2316 si
1154 2263 1265 2332 postea
1283 2251 1383 2315 insuf-

294 2347 408 2413 ficiens
433 2359 488 2413 aut
513 2349 704 2414 inhonestae
726 2350 809 2414 vitae
824 2351 1053 2430 comperiatur,
1075 2360 1107 2416 ct
1123 2351 1222 2415 semel
1240 2349 1381 2414 monitus

295 2463 358 2514 uon
382 2463 418 2512 se
440 2447 637 2512 sufficienter
659 2465 771 2514 eorum
794 2447 917 2528 judicio
942 2449 1170 2524 emendaverit,
1191 2449 1380 2520 destituere,

293 2546 464 2628 collegium
481 2547 652 2627 quotannis
667 2547 809 2622 visitare,
823 2557 1009 2628 computum
1027 2547 1184 2612 bonorum
1201 2563 1272 2611 cum
1290 2561 1382 2628 prae·

294 2644 419 2710 sidente
434 2646 545 2710 audire
561 2655 592 2711 et
606 2646 797 2727 approhare.
813 2646 1043 2728 Habebuntque
1060 2645 1177 2728 singuli
1194 2645 1380 2709 visitatores

293 2759 351 2824 pro
368 2744 437 2808 suis
453 2744 617 2808 laboribus
633 2745 770 2826 singulis
785 2746 877 2810 antris
893 2745 1003 2826 viginti
1024 2747 1166 2810 stuferos
1181 2743 1294 2810 semel.

335 2842 523 2924 Priusquam
540 2861 617 2909 vero
633 2844 817 2909 visitatores
834 2845 961 2925 possint
975 2844 1014 2908 ad
1034 2845 1222 2909 electionem
1240 2854 1270 2908 et
1286 2841 1380 2908 insti·

294 2941 448 3006 tutionem
465 2942 679 3022 praesidentis
696 2943 884 3024 procedere,
902 2942 1098 3008 tenebuntur
1109 2943 1141 3006 iu
1156 2958 1249 3006 manu
1266 2940 1380 3006 decani

293 3050 347 3104 aut
363 3041 502 3105 senioris
529 3043 689 3106 facultatis
713 3059 825 3106 sacrae
852 3041 1034 3122 theologiae
1057 3041 1244 3106 solemniter
1259 3038 1381 3120 iurare,

294 3139 379 3220 quod
402 3156 439 3202 ex
462 3139 688 3216 baccalauriis,
715 3141 889 3206 licentiatis
912 3141 1054 3206 nondum
1082 3140 1243 3219 magistris
1270 3153 1383 3202 sacrae

294 3237 475 3319 theologiae
486 3240 535 3318 (l),
550 3240 671 3320 absque
685 3240 751 3305 ullo
767 3257 925 3322 personae
938 3250 991 3303 aut
1007 3239 1127 3321 gradus
1144 3247 1290 3319 respectu
1307 3253 1381 3301 eum

293 3336 422 3418 eligent,
440 3355 535 3419 quem
562 3339 645 3403 inter
667 3355 781 3404 omnes
805 3347 1015 3404 occurrentes
1041 3339 1073 3400 in
1100 3337 1298 3402 conscientia
1322 3353 1381 3400 soa

293 3452 351 3516 pro
367 3436 523 3518 regimine
544 3437 784 3518 collegistavum
807 3447 839 3502 et
861 3437 1108 3502 conservatione
1131 3436 1288 3502 bonorum
1312 3434 1381 3499 col-

294 3533 368 3615 legii
381 3533 569 3614 judicabunt
582 3537 717 3600 maxime
728 3535 891 3600 idoueum.
909 3535 968 3610 Qui
984 3553 1042 3616 pro
1059 3533 1220 3617 stipendio
1232 3533 1379 3598 laborum

293 3649 426 3699 suorum
442 3635 571 3700 habehit
592 3651 630 3698 ex
654 3635 906 3716 promptioribus
922 3635 1048 3716 collegii
1065 3635 1160 3699 bonis
1176 3644 1207 3698 et
1221 3633 1379 3697 acceden-

293 3731 390 3809 tibus,
422 3749 459 3797 ac
489 3733 658 3798 bursarum
693 3733 925 3807 vacationibus,
958 3733 1094 3814 singulis
1121 3733 1286 3797 mensibus
1312 3739 1380 3795 tres

328 3948 365 4020 tl)
385 3948 530 4004 Plusieurs
542 3949 703 4004 fondeteurs
717 3949 751 4003 de
763 3948 887 4020 collegas
908 3961 956 4005 out
968 3947 1080 4020 stipulo,
1096 3949 1165 4002 dens
1179 3947 1257 4002 l'ucte
1276 3947 1310 4001 de
1321 3911 1383 4002 ¹sou·

292 4039 397 4114 dation,
409 4057 464 4112 que
477 4041 504 4096 le
514 4040 656 4112 president
667 4057 702 4095 ne
715 4041 827 4111 pouvait
838 4059 886 4113 pas
900 4041 976 4096 avoir
990 4042 1016 4096 le
1029 4040 1114 4110 grade
1127 4040 1161 4094 de
1174 4039 1297 4102 doeteur,
1311 4035 1381 4090 mais

291 4130 382 4185 deruit
395 4131 454 4185 stre
467 4130 607 4186 bachelier
619 4148 654 4186 ou
669 4130 792 4186 licencia.
