3032 4952
626 473 768 535 „5-

195 651 300 716 Voluit
323 651 474 717 tundatur
496 651 534 716 ad
550 652 664 717 bursas
680 669 737 718 seu
753 652 917 732 portiones
933 650 1052 715 assumi
1067 647 1232 716 bursarios

157 760 201 816 tot
221 767 368 826 numero,
389 760 467 832 quot
489 751 661 816 sustentari
688 751 855 817 commode
877 757 1026 831 possunt;
1054 749 1097 813 ita
1112 755 1229 825 tamen,

158 859 190 913 ut
213 848 348 929 quilibet
376 850 415 913 ad
450 849 555 914 minus
585 849 715 914 baberet
745 849 855 914 decem
885 847 1025 912 llorenos
1053 847 1232 911 rhenenses

158 964 294 1014 annuos.

197 1046 320 1111 Placuit
341 1055 446 1110 autem
469 1046 590 1111 assumi
610 1047 647 1109 ad
671 1047 867 1127 praebendos
883 1045 1066 1127 collegiales
1082 1061 1139 1109 seu
1156 1043 1232 1108 bur-

159 1161 210 1210 sas
225 1157 255 1208 et
272 1144 438 1209 scholares
460 1155 492 1210 et
514 1147 709 1226 magistrum,
731 1146 784 1227 qui
807 1163 864 1211 eos
879 1145 1005 1226 dirigat,
1022 1144 1062 1208 de
1077 1142 1233 1224 sanguine

159 1259 214 1308 seu
229 1243 420 1323 cognatione
435 1243 614 1307 fundatoris
629 1244 812 1319 existentes,
823 1244 849 1308 si
865 1243 1076 1318 inveniantur,
1090 1249 1143 1305 aut
1154 1240 1234 1304 alias

161 1358 197 1405 ex
211 1341 284 1405 rico
300 1341 341 1405 de
357 1341 510 1405 Desschel
526 1341 574 1406 rel
590 1341 662 1406 loco
677 1342 826 1422 contiguo
842 1358 879 1406 ac
892 1341 1008 1404 vicino.

198 1440 381 1505 Secundum
405 1441 651 1504 transactionem
667 1441 834 1522 qnamdam
856 1440 964 1503 initam
981 1439 1019 1502 30
1036 1438 1138 1502 martii
1156 1435 1234 1499 1675

159 1539 240 1602 iuter
257 1537 506 1602 communitates
531 1537 571 1602 de
596 1537 683 1613 blod,
701 1538 815 1603 Baelen
831 1547 862 1602 et
878 1537 1040 1612 Dessclrel,
1059 1536 1098 1600 ab
1115 1552 1188 1612 una,
1204 1543 1236 1600 et

160 1636 308 1701 dominos
321 1635 508 1715 provisores
520 1635 699 1701 Castrensis
715 1636 911 1716 paedagogii,
926 1637 1066 1716 quisunt
1082 1633 1235 1714 plebanus
1342 1653 1343 1658 ¹

159 1733 222 1797 diri
248 1733 334 1798 Petri
360 1733 491 1797 Louenii
518 1742 549 1799 et
574 1735 713 1800 decanus
739 1735 896 1799 facultatis
924 1735 1049 1810 artium,
1078 1733 1116 1796 ab
1139 1733 1235 1797 altera

158 1832 315 1912 pertibus,
334 1842 365 1896 et
386 1831 627 1897 ratificationem
651 1833 789 1913 desuper
810 1833 922 1897 lactem
937 1833 969 1894 in
992 1831 1128 1897 concilio
1144 1846 1237 1894 sane·

158 1930 229 1995 tiori
259 1929 342 1994 suae
371 1929 543 2010 llajestatis
569 1931 725 1995 bruxellis
752 1930 864 1996 eodem
891 1931 942 1994 die
967 1940 998 1994 ct
1022 1946 1117 2006 anno,
1143 1928 1238 1993 debet

158 2043 273 2108 regens
295 2027 511 2091 assumendus
533 2027 650 2092 babere
671 2037 803 2093 aetatem
826 2027 865 2091 18
886 2045 1039 2092 annorum
1060 2035 1091 2092 et
1111 2027 1144 2089 in
1166 2043 1237 2108 pro-

158 2127 300 2190 motione
315 2125 456 2207 generali
481 2127 703 2207 magistrorum
719 2127 832 2192 artium
849 2127 1027 2192 obtinuisse
1043 2127 1147 2191 locum
1164 2134 1238 2190 ente

159 2225 311 2288 medium.

198 2322 301 2386 Debet
317 2323 495 2386 secundum
511 2325 680 2403 praelatam
705 2325 950 2389 transactionem
969 2324 1100 2388 alternis
1116 2323 1239 2388 vicibus
1328 2383 1331 2389 .

160 2421 229 2502 eligi
245 2421 283 2482 in
299 2431 462 2500 regentem
476 2437 532 2485 seu
546 2422 731 2502 magistrum
745 2440 827 2487 uirus
839 2423 879 2488 de
891 2423 1045 2504 sanguine
1061 2421 1239 2486 fundatoris

158 2531 198 2595 et,
214 2519 255 2582 iis
273 2517 521 2594 deficientibus,¹
535 2530 628 2584 natus
651 2522 683 2584 iu
707 2521 872 2598 cessone,
891 2522 963 2586 lloll
979 2519 1028 2586 vel
1045 2519 1171 2595 Booten,
1188 2519 1238 2584 vel

158 2618 234 2682 locis
250 2617 382 2698 uillagio
398 2619 439 2681 de
456 2619 605 2682 Desscbel
621 2618 746 2683 ricinis.

196 2716 258 2781 Per
277 2733 419 2796 sequens
442 2723 615 2781 extractum
640 2734 678 2781 ex
700 2727 767 2781 aeta
786 2716 1037 2798 supportationis
1055 2716 1239 2798 paedagogii

159 2813 271 2890 Casiri,
293 2815 394 2878 sactae
417 2831 475 2894 per
495 2815 649 2878 loannem
665 2825 695 2880 et
709 2815 875 2880 llartinnm
892 2816 931 2880 de
946 2815 1108 2894 Gompele,
1125 2816 1240 2880 fratres

159 2913 280 2977 domini
298 2928 336 2975 ac
358 2912 502 2993 magistri
525 2913 685 2978 Godelridi
708 2915 748 2979 de
770 2913 932 2994 Gompele,
958 2913 1135 2978 fundatoris
1151 2918 1240 2994 (quae

159 3012 362 3093 supportatio
378 3011 538 3075 invenitur
553 3011 585 3074 in
602 3011 742 3076 secunda
758 3027 883 3077 camera
899 3012 1005 3092 oppidi
1020 3012 1238 3086 lovaniensis,

158 3111 237 3174 libro
250 3110 329 3172 anui
347 3108 439 3183 1156,
454 3119 540 3188 patet
555 3127 662 3175 errare
675 3119 736 3174 tarn
749 3112 906 3175 Valerium
919 3111 1076 3174 Andrean
1089 3112 1119 3172 in
1136 3113 1240 3174 Fastis

159 3209 354 3282 academicis,
372 3208 423 3271 ed.
444 3207 535 3284 1650,
561 3217 751 3275 statuentem
774 3211 858 3274 diem
881 3209 987 3274 obitus
1004 3209 1181 3274 fundatoris
1202 3211 1240 3272 ad

162 3310 193 3370 tl
210 3308 326 3387 aprilis
343 3306 436 3382 1457,
454 3323 548 3388 quam
564 3309 718 3388 Gramaye
731 3310 889 3373 dicentem
906 3317 1127 3374 testamentum
1141 3308 1242 3372 luisse

162 3407 327 3470 conditum
340 3405 379 3467 lb
392 3405 536 3470 octobris
556 3405 634 3469 1157
653 3427 659 3471 ;
680 3407 783 3472 ollem
798 3407 936 3472 loannes
952 3417 984 3472 et
998 3409 1149 3471 Martinus
1165 3408 1239 3471 dicti

163 3527 175 3562 1
191 3505 229 3569 de
244 3503 414 3584 Gompele,
429 3503 555 3579 iratres,
581 3515 849 3586 supportaverunt
865 3524 935 3570 cum
952 3507 1057 3570 debite
1074 3504 1241 3571 effestuca-

164 3603 280 3668 »tione
305 3602 509 3690 ‚mansionem
536 3605 665 3667 totalem
689 3621 761 3669 cum
784 3605 944 3680 domibus,
958 3604 1102 3669 curtibus
1127 3613 1158 3668 et
1174 3605 1242 3669 suis

163 3724 175 3758 1
192 3701 398 3780 pertinentiis
416 3700 574 3764 universis
589 3710 661 3766 aute
677 3711 707 3766 et
725 3715 822 3778 retro,
838 3713 932 3783 prout
948 3703 1008 3766 sita
1021 3703 1112 3766 estin
1126 3701 1242 3766 Castri-

162 3821 174 3857 1
192 3807 307 3874 strata,
326 3799 410 3863 inter
437 3799 575 3863 viculum
591 3800 1041 3878 111111111111111111111111111,
1059 3802 1241 3878 tendentem

163 3923 175 3955 1
191 3915 309 3962 versus
324 3897 437 3960 biliam
453 3897 582 3973 ibidem,
593 3899 632 3961 ab
649 3916 709 3963 una
722 3910 862 3980 parte‚et
876 3904 983 3966 muros
999 3900 1089 3964 listae
1103 3900 1150 3979 (de
1165 3907 1240 3976 uest,
1335 3906 1342 3920 '

163 4018 176 4054 1
192 3995 222 4058 la
235 3997 446 4076 fortification)
463 3997 547 4076 opidi
567 3997 785 4073 Lovaniensis,
796 3999 834 4062 ab
850 3999 947 4062 altera
964 4009 1062 4078 parte,
1077 4015 1113 4062 sc
1128 4007 1237 4062 exten-

161 4095 324 4160 ›dcntem
348 4105 523 4158 retrorsum
545 4113 646 4176 usque
673 4097 710 4160 ad
728 4097 921 4177 praedictam
945 4097 1072 4172 [liliem3
1093 4095 1239 4176 expositi.

165 4192 399 4274 »Impositusz
421 4193 568 4258 dominus
591 4211 628 4259 oc
648 4196 797 4276 magister
811 4197 947 4261 loannes
964 4195 1172 4269 Varenacker‚
1194 4209 1241 4258 sa-
