3158 4952
701 422 887 488 -ata-

245 604 343 680 diem,
366 603 486 670 indicta
513 604 571 669 luit
597 603 762 686 deputatio
791 604 875 670 inter
901 604 1073 686 deputatos
1101 604 1339 683 ordinarios...

246 704 278 767 in
302 703 399 769 rubea
422 720 547 768 camera
566 703 682 768 domus
706 702 879 778 facultatis,
897 703 936 767 ad
962 705 1157 769 audiendum
1185 705 1341 782 rationes,

245 802 363 882 quibus
385 802 536 866 dominus
563 818 681 883 regens
703 801 853 866 Falconis
881 811 971 882 putat
995 820 1031 867 se
1053 811 1239 868 excusatum
1267 821 1342 870 esse

245 901 286 965 ab
302 902 523 982 acceptatione
539 901 655 967 domus
671 901 890 982 padagoglalis
906 902 1068 966 Falconis.
1086 903 1134 965 ad
1155 903 1341 983 petitionem

246 1001 368 1065 domini
391 999 503 1064 decani
529 999 681 1065 dominus
707 1017 823 1081 regens
847 1015 923 1064 suas
947 1001 1090 1065 rationes
1114 1002 1293 1081 explicarit,
1312 1011 1343 1068 et

248 1099 358 1180 petivit
383 1099 606 1164 dimissionem
634 1098 676 1163 ob
703 1097 783 1163 duas
810 1115 948 1176 causas;
979 1116 1113 1180 quarum
1142 1099 1242 1181 prima
1270 1099 1340 1176 luit,

247 1199 331 1279 quod
359 1199 397 1262 ad
426 1198 627 1281 pinguiorem
655 1198 873 1264 conditionem
902 1207 991 1264 esset
1017 1207 1169 1276 vocatus,
1199 1200 1340 1265 secunda

246 1297 395 1379 corporis
418 1297 632 1362 imbecillitas.
653 1297 774 1362 Placuit
794 1297 989 1363 unanimiter
1005 1298 1157 1374 dominis,
1175 1300 1260 1380 quod
1286 1299 1341 1365 lte-

247 1405 296 1462 ret
319 1413 380 1460 una
404 1396 582 1478 deputatio,
599 1398 723 1462 voeatis
745 1397 931 1462 senioribus
954 1397 986 1460 in
1011 1397 1122 1480 majori
1146 1415 1292 1476 numero,
1310 1409 1341 1465 et

245 1495 368 1562 domini
391 1495 533 1579 regentis
556 1495 750 1576 supplicatio
774 1495 963 1576 diligentius
986 1497 1186 1561 masticetur.
1203 1493 1240 1562 m
1263 1513 1340 1562 con-

246 1610 375 1660 cessum
399 1595 456 1659 luit
478 1595 608 1660 domino
630 1595 767 1677 regenti,
792 1594 877 1676 quod
902 1595 1005 1674 possit
1028 1594 1147 1659 bonum
1171 1611 1208 1660 ac
1231 1597 1339 1662 utilem

248 1709 472 1758 successorem
499 1693 663 1774 inquirere
689 1710 727 1758 ac
752 1710 825 1759 eum
854 1693 995 1758 facultati
1024 1701 1222 1774 presentare.
1247 1695 1338 1769 dart,

249 1792 314 1867 Vll,
334 1792 389 1856 lol.
407 1791 467 1855 3l6
482 1803 511 1856 r⁰
527 1801 557 1858 et
573 1804 617 1856 v⁰.

290 1941 347 2003 llic
361 1942 489 2015 ueneat,
506 1943 557 2022 uit'j
571 1935 694 2022 augusti
714 1941 804 2017 tato,
824 1941 902 2005 hora
920 1957 1003 2005 nona
1019 1948 1092 2005 ante
1111 1940 1287 2018 meridiem,
1307 1942 1338 2004 in

248 2038 345 2102 rubea
362 2054 487 2104 camera
504 2040 620 2104 domus
643 2039 802 2104 facultatis
819 2040 875 2105 t'uit
891 2040 1054 2121 deputatio
1071 2040 1154 2104 inter
1169 2040 1339 2120 deputatos

190 2204 193 2212 ,
246 2136 427 2200 ordinarios
443 2153 515 2200 cnm
532 2137 716 2202 senioribus
733 2138 911 2213 lacultatis;
930 2154 1038 2202 coram
1055 2138 1173 2218 quibus
1188 2139 1338 2203 dominus

248 2251 363 2315 regens
380 2235 547 2316 pedagogli
565 2235 711 2300 Falconis
726 2236 871 2300 exhibuit
888 2251 981 2299 suam
999 2235 1278 2316 supplicationem,
1289 2253 1337 2301 ra-

248 2335 333 2399 tione
355 2334 449 2416 cujus
475 2337 551 2416 petit
567 2351 584 2398 a
600 2335 748 2400 laenitate
770 2335 810 2399 de
827 2335 971 2415 regentia
996 2343 1027 2399 et
1049 2335 1146 2400 domo
1170 2335 1337 2418 pedagogii

249 2433 394 2506 Falconis
409 2433 552 2499 liberari.
569 2433 637 2509 Que
652 2433 780 2514 atridem
799 2433 993 2514 supplicatio
1009 2433 1040 2496 in
1058 2433 1219 2514 presentia
1235 2434 1337 2499 dorni-

248 2549 360 2598 norum
388 2549 445 2613 per
471 2533 635 2597 dominum
663 2532 818 2596 decanum
848 2533 927 2596 lecta
956 2531 1025 2596 luit.
1051 2531 1162 2596 Posuit
1186 2533 1338 2597 dominus

245 2632 387 2696 decanus
412 2632 443 2694 in
471 2631 758 2696 deliberationibus
784 2630 1001 2706 dominorum,
1027 2639 1059 2695 et
1086 2647 1124 2695 ex
1151 2630 1336 2697 eorumdem

245 2731 448 2796 dominorum
464 2730 751 2796 deliberationibus
777 2730 945 2810 respondit
961 2730 1112 2794 dominus
1128 2730 1271 2794 decanus
1287 2747 1337 2796 rc·

245 2829 351 2910 genti:
367 2829 472 2892 Parati
489 2837 565 2894 sunt
578 2829 698 2894 domini
716 2845 859 2892 annuere
872 2828 977 2908 ipsius
993 2827 1234 2910 supplicationi,
1249 2829 1338 2894 durn-

247 2928 341 2993 modo
356 2929 427 3010 ipse
451 2946 567 3010 regens
584 2936 758 2994 extremam
783 2945 874 2993 suam
891 2928 1091 3010 diligentiam
1115 2928 1210 2993 laniat
1227 2927 1265 2991 ad
1292 2929 1338 2992 in-

246 3027 438 3092 veniendum
458 3027 576 3092 bonum
600 3027 738 3108 aliquem
756 3036 934 3108 regentem,
953 3027 1006 3108 qul
1030 3027 1109 3090 citra
1133 3027 1336 3108 dispendium

247 3127 404 3192 facultatis
430 3127 590 3208 acceptari
619 3127 740 3207 possit;
774 3135 804 3190 et
831 3141 923 3200 casu,
952 3142 1016 3207 quo
1042 3126 1193 3190 dominus
1224 3141 1338 3207 regens

246 3224 340 3290 talem
356 3241 419 3289 non
436 3225 587 3301 inveniat,
603 3224 797 3306 significabit
816 3223 967 3298 facultati,
982 3232 1014 3287 et
1030 3232 1141 3305 postea
1153 3224 1337 3288 consilium.

471 3405 619 3486 Seqttitur
632 3405 818 3488 supplicatio
833 3406 950 3468 domini
966 3407 1109 3485 arpentis.

287 3551 454 3634 llagnillce
479 3560 510 3616 et
537 3551 738 3617 venerabiles
766 3550 901 3616 domini.
926 3549 1004 3626 Quia
1022 3549 1338 3631 Nicolauslupillius

249 3651 342 3716 babet
358 3667 444 3736 nunc
456 3650 673 3715 conditionem
690 3650 799 3716 sibiet
816 3665 876 3714 suo
890 3649 986 3714 statui
1003 3647 1203 3713 commodam
1221 3657 1251 3712 et
1267 3664 1339 3730 pro-

249 3749 374 3824 ilcuam,
389 3765 482 3829 quam
501 3763 564 3812 non
581 3756 687 3829 potest
703 3763 835 3812 servare
850 3764 921 3813 curn
937 3746 1078 3829 regentia
1094 3747 1174 3811 citra
1188 3762 1336 3828 magnum

248 3864 340 3912 suurn
357 3847 596 3922 detrimentum,
613 3855 645 3912 et
660 3863 722 3927 oue
744 3855 795 3911 est
810 3846 839 3910 ei
866 3845 966 3911 multo
981 3845 1227 3910 convenientior
1244 3861 1338 3926 quarn

249 3946 402 4028 regentia,
425 3955 457 4011 et
484 3955 615 4026 propter
639 3946 788 4027 corporis
811 3961 828 4009 a
852 3952 998 4026 ternpore
1024 3953 1176 4025 suscepte
1198 3943 1342 4026 regentia

249 4045 496 4112 imbecillitatem
514 4061 578 4110 non
597 4053 701 4126 potest
724 4044 874 4110 sufficere
890 4043 1092 4110 sustinendis
1107 4043 1273 4108 laboribus
1289 4058 1341 4109 re-

249 4145 372 4224 gentie;
397 4145 517 4210 idcirco
539 4144 627 4226 petit,
652 4153 684 4209 ut
707 4144 841 4220 domini,
865 4159 946 4230 cum
961 4159 1000 4209 eo
1023 4142 1165 4224 gratiose
1191 4150 1337 4225 agentes,
