3222 4950
723 401 967 467 ,468-

327 584 438 650 rianus
466 585 586 658 Eburo,
623 601 708 649 anno
739 583 819 650 1606
855 583 887 646 16
913 583 1037 649 artibus
1070 603 1088 651 e
1118 586 1255 652 Falcone
1287 581 1413 666 tertius}

328 685 562 766 philosophiam
587 684 778 764 antverpiae
801 684 831 746 16
855 685 981 749 abbatia
1007 686 1108 750 sancti
1125 687 1289 752 1116666116
1313 707 1415 771 prope

325 785 477 856 triennio,
495 783 685 848 rhetoricam
704 784 830 847 Lorarii
848 783 879 846 in
897 785 1092 866 paedagogio
1107 786 1305 872 8616666661,
1320 789 1414 854 66616

325 891 472 964 quatuor,
490 881 727 962 philosophiam
739 898 817 945 vero
833 882 908 945 totis
924 883 1165 962 qrratuordecim
1179 885 1272 949 annis
1288 885 1411 963 docuit,

323 982 443 1046 interea
459 981 489 1043 vi
506 980 746 1062 privilegiorum
762 981 1017 1045 academicorum
1035 981 1066 1045 16
1081 983 1218 1048 ecclesia
1234 985 1413 1048 cathedrali

324 1081 519 1146 Tornacensi
537 1079 723 1144 666661666.
741 1078 858 1142 Sacrae
876 1079 1057 1161 theologiae
1073 1082 1187 1146 doctor
1210 1084 1412 1149 renuntiatus

324 1181 362 1244 14
378 1179 521 1245 octobris
541 1179 628 1254 toas,
646 1187 757 1258 postea
777 1194 887 1242 sacrae
902 1179 1083 1260 theologiae
1107 1181 1282 1260 professor.
1300 1183 1409 1266 Scrip-

323 1289 427 1344 torum
445 1279 647 1344 multitudine
662 1277 787 1342 claruit.
807 1276 890 1340 Obiit
906 1278 945 1340 91
961 1279 1103 1343 octobris
1120 1280 1209 1342 1663.
1229 1282 1308 1346 Vide
1326 1281 1411 1346 inter

322 1393 433 1442 sacrae
449 1378 630 1458 theologiae
645 1377 796 1442 doctores
812 1387 844 1441 et
861 1379 1075 1456 professores.

362 1510 412 1574 91.
438 1511 622 1574 6616166666
648 1505 1279 1591 86666666,6616666166616,6616618
1304 1513 1407 1576 martii

322 1610 413 1686 1696,
439 1609 524 1673 61166
554 1607 642 1671 Pauli
672 1616 704 1672 et
733 1609 939 1685 lllagdalenae
968 1609 1150 1684 Olimaerts,
1179 1611 1261 1674 inter
1291 1613 1406 1675 artium

321 1709 493 1789 magistros
515 1725 599 1771 anuo
626 1707 745 1770 16686
772 1707 909 1770 Falcone
936 1707 1061 1778 tertius,
1088 1724 1199 1772 sacrae
1226 1709 1407 1790 theologiae

320 1807 514 1872 licentiatus.
539 1806 709 1886 Postquam
736 1803 970 1884 philosophiam
993 1807 1025 1868 in
1043 1806 1104 1869 hoo
1123 1823 1184 1870 suo
1208 1808 1404 1890 paedagogio

318 1905 511 1986 aliquamdiu
530 1905 696 1985 professus
712 1914 812 1977 esset,
829 1921 981 1969 reversus
1003 1915 1052 1968 661
1075 1905 1106 1966 16
1122 1905 1233 1968 urbem
1257 1907 1402 1985 patriam,

318 2005 419 2070 factus
441 2005 558 2068 ibidem
586 2021 669 2068 6666
693 2003 773 2068 1618
797 2006 956 2084 parochus
979 2004 1018 2067 ad
1041 2012 1187 2068 sanctum
1212 2004 1401 2086 Georgium;

317 2122 379 2185 quo
393 2121 523 2168 munere
536 2105 664 2168 functus
680 2112 729 2167 cst
745 2120 847 2185 usqne
863 2103 901 2166 ad
917 2101 1141 2178 6666161613,
1160 2103 1289 2183 quando
1303 2104 1403 2168 nomi-

317 2213 411 2267 natus
443 2203 499 2266 fuit
528 2202 702 2266 canonicus
738 2201 895 2266 ecclesiae
929 2201 1124 2265 cathedralis
1158 2203 1401 2281 Antrerpiensis

317 2299 1397 2382 61666116666116666666866161166166666ὺί6916666661669.

355 2399 447 2462 Varia
472 2398 542 2479 ejus
564 2397 719 2478 opuscula
742 2408 891 2462 accurate
913 2397 1146 2478 descripsimus
1169 2398 1200 2460 16
1225 2399 1308 2462 ritae
1330 2399 1399 2478 ejus

311 2499 565 2572 adumbratione,
599 2513 694 2576 quam
726 2495 916 2560 66661868
950 2495 1110 2560 edidimus
1146 2496 1176 2558 in
1217 2497 1400 2579 llioprupltie

309 2597 687 2678 6666661666116161666,
704 2595 745 2672 ll,
763 2595 825 2660 col.
843 2595 915 2658 666.

350 2729 401 2792 99.
417 2730 571 2792 11666666
587 2728 756 2800 66666666,
773 2743 886 2791 sacrae
908 2725 1089 2806 theologiae
1111 2724 1311 2806 licentietur,
1329 2737 1397 2792 erat

307 2827 529 2910 philosophiae
546 2826 711 2907 professor
725 2825 757 2888 16
774 2824 912 2888 Falcone
928 2841 1012 2889 anuo
1028 2823 1121 2888 1613.

347 2957 399 3023 93.
417 2958 544 3022 lusurus
564 2957 626 3021 Van
642 2975 698 3020 666
712 2955 853 3026 666666,
872 2973 911 3020 ex
933 2955 1072 3020 Sundcrt
1090 2955 1212 3036 majore
1235 2957 1303 3038 agri
1319 2957 1394 3022 Bre-

305 3057 391 3128 dani,
408 3074 492 3122 6666
512 3056 589 3120 1611
615 3056 646 3118 16
662 3055 785 3119 artibus
801 3073 819 3119 6
835 3053 971 3118 Falcone
994 3055 1178 3127 secundus;
1196 3055 1315 3120 deinde
1338 3073 1393 3136 per

306 3156 415 3237 plures
430 3173 533 3221 annos
548 3156 581 3218 16
597 3157 660 3219 hoc
673 3170 734 3218 666
750 3155 947 3234 paedagogio
963 3153 1190 3232 philosophiae
1212 3153 1391 3232 professor:

304 3256 449 3320 indeuia
472 3253 701 3321 nominationis
725 3253 883 3317 facultatis
902 3252 1019 3316 artium
1044 3253 1076 3314 in
1092 3253 1266 3316 cathedrali
1291 3255 1391 3318 sancti

304 3353 471 3420 Donatiani
501 3353 615 3433 Brugis
644 3351 819 3417 canonicus
847 3367 932 3414 anno
960 3350 1053 3428 1696,
1081 3359 1177 3430 atque
1201 3351 1232 3412 in
1260 3368 1392 3431 posses·

302 3455 427 3522 sionem
445 3452 644 3532 praebendae
657 3467 738 3515 suae
754 3451 873 3513 missus
888 3450 928 3513 26
941 3449 1127 3514 novembris
1143 3449 1288 3530 ejusdem
1303 3450 1389 3514 anni.

302 3551 387 3616 Obiit
415 3549 767 3616 666661666661696
795 3549 845 3613 vel
877 3549 969 3613 initio
995 3549 1069 3612 6661
1097 3548 1195 3624 toan
1224 3549 1277 3614 die
1305 3549 1389 3614 enim

301 3649 565 3730 1166666111611
586 3650 618 3712 16
634 3649 823 3713 canonicatu
847 3663 1071 3712 successorem
1091 3655 1205 3711 nactus
1228 3657 1279 3712 est
1295 3648 1390 3712 loan-

301 3765 372 3814 nem
399 3747 539 3830 Georgii,
566 3748 662 3828 vulgo
689 3745 795 3822 Garis,
822 3746 1076 3819 Bruxellensem,
1104 3755 1196 3810 antea
1225 3759 1387 3827 pastorem

299 3848 400 3912 sancti
417 3847 433 3910 J
437 3847 528 3912 acobi
543 3845 746 3925 antverpiae.

340 3945 391 4008 91.
408 3947 556 4010 Nicotaus
572 3944 750 4019 81666666,
766 3942 932 4012 Athensis,
950 3957 1062 4006 sacrae
1081 3941 1264 4023 theologiae
1287 3944 1387 4010 licen·

298 4045 395 4108 tiatus
411 4043 597 4125 paedagogii
614 4042 761 4107 Falconis
777 4057 833 4122 per
848 4039 1017 4106 duodecim
1032 4055 1136 4105 annos
1161 4041 1385 4124 philosophiae

298 4143 476 4224 professor,
491 4144 593 4207 factus
609 4151 658 4206 est
674 4156 785 4206 mense
799 4139 974 4220 septembri
992 4137 1072 4201 1614
1081 4137 1134 4202 uia
1149 4140 1382 4206 nominationis
