3158 4952
632 469 816 534 -339-

174 646 254 710 inira
280 657 474 729 sequuntur.
494 649 616 725 Quibus
641 650 805 730 proiectis,
822 647 973 714 dominus
995 646 1137 710 decanus
1160 645 1269 726 posuit

176 763 230 812 eas
247 749 279 810 in
296 747 588 814 deliberationibus
603 750 819 816 dominorum.

215 847 332 924 anarl
345 849 514 912 secundum
531 849 705 924 arlicolnm,
718 847 898 930 comparuit
910 845 1060 912 dominus
1073 852 1104 910 el
1118 843 1270 924 magister

174 946 366 1011 [luilielmus
380 947 555 1027 predictus.
569 957 600 1012 et
613 949 651 1012 ad
670 965 783 1012 manus
796 947 956 1014 facultatis
973 943 1146 1026 resignavit
1159 959 1271 1024 regern*

173 1044 246 1109 tiam
271 1062 366 1110 suam
383 1046 460 1111 dicti
484 1047 652 1129 pedagogii
677 1047 837 1121 Falconis,
855 1062 954 1128 agens
979 1043 1127 1109 similiter
1149 1040 1268 1124 gratias

175 1144 330 1208 facultati.
347 1145 385 1209 Et
402 1162 460 1225 pro
472 1147 584 1211 eadem
599 1147 740 1227 regentia
757 1157 789 1211 et
802 1144 938 1228 legentis
955 1143 1062 1208 statim
1078 1139 1269 1222 supplicavit

173 1259 230 1324 pro
246 1259 284 1307 se
301 1253 335 1308 et
352 1261 409 1324 per
425 1244 528 1324 ipsum
546 1245 780 1310 substituendis
795 1243 946 1309 dominus
962 1250 993 1307 et
1010 1239 1161 1322 magister
1174 1238 1269 1306 Nico«

175 1341 244 1406 laus
262 1343 446 1423 predictus.

216 1539 252 1604 Et
267 1558 308 1605 ex
330 1539 469 1604 unanimi
486 1551 517 1606 et
533 1542 686 1606 concordi
704 1543 846 1608 omnium
861 1549 893 1606 et
908 1538 1110 1619 singulorum
1123 1533 1270 1600 dominc-

175 1635 1266 1718 rumdeliberationeconclusitdominusdeeanusimprimisoooad

172 1737 392 1809 conditiones.
416 1755 491 1820 que,
518 1748 549 1803 ut
574 1739 780 1820 premittitur,
798 1737 915 1802 ibidem
941 1734 1267 1808 teneraetenerae

172 1835 275 1918 quoad
292 1853 365 1911 eas,
380 1853 442 1917 que
459 1849 615 1917 concepte
632 1839 761 1902 luerunt
777 1854 849 1902 oum
867 1835 1012 1916 prediolo
1029 1832 1183 1914 magistro
1196 1830 1269 1896 Gui-

174 1934 279 2000 lielmo
296 1952 400 2015 super
415 1937 577 2015 emptione
595 1953 652 2016 pro
666 1937 815 2002 laenitate
831 1937 947 2000 domus
964 1929 1180 2017 pedagogialis
1193 1945 1266 1994 cum

173 2033 242 2100 aliis
266 2034 376 2098 tribus
392 2033 610 2099 amarioribus
633 2045 665 2100 et
682 2052 744 2100 una
769 2034 938 2116 posteriori
963 2032 1113 2098 domibus
1134 2045 1172 2094 ac
1194 2025 1268 2091 aliis

175 2132 392 2213 pertinentiis,
407 2149 500 2214 quam
515 2134 618 2213 quoad
632 2151 700 2206 eas,
711 2151 772 2214 pue
784 2151 856 2198 curn
871 2133 956 2197 dicto
970 2129 1122 2211 magistro
1134 2125 1267 2192 Nicolao

173 2245 269 2312 super
285 2232 433 2314 regentia
449 2249 466 2295 a
483 2233 630 2297 facultate
650 2232 854 2314 suscipienda
872 2233 997 2296 luerunt
1013 2236 1180 2308 concepte,
1197 2241 1267 2290 om«

175 2329 267 2394 nibus
282 2342 318 2395 et
334 2330 471 2411 singulis
486 2331 638 2406 dominis,
658 2333 786 2396 nemine
802 2331 1008 2404 reclamante,
1027 2328 1214 2408 placuerunt
1236 2334 1268 2388 et

172 2429 348 2511 approbate
366 2429 512 2504 luerunt;
530 2430 650 2510 gratias
662 2446 791 2511 qnoque
807 2427 1041 2494 commissariis
1057 2432 1192 2506 egerunt
1208 2439 1268 2503 pro

170 2528 236 2592 suis
251 2527 431 2610 diligentiis
448 2529 551 2592 lactis.
570 2529 606 2592 lit
622 2529 706 2610 quod
725 2529 839 2593 iisdem
859 2524 1092 2594 commissaliis
1108 2523 1268 2588 dederunt

170 2625 292 2706 plenam
321 2629 501 2692 lacultatem
527 2633 802 2694 etauctoritatem
821 2627 910 2708 juxta
928 2625 1104 2707 premissas
1130 2623 1219 2702 leges
1235 2636 1269 2695 ep

167 2725 372 2790 conditiones
397 2725 595 2806 transigendi
621 2743 718 2807 super
743 2727 886 2807 predicta
910 2724 1072 2805 emptione
1094 2738 1167 2786 cum
1194 2737 1266 2801 pre·

169 2822 254 2888 dicto
280 2825 438 2905 magistro
453 2826 637 2900 Guilielm0‚
656 2836 687 2890 et
705 2826 901 2906 procedendi
917 2826 954 2887 ad
974 2821 1264 2887 inheredationem.
1349 2827 1350 2830 ’

171 2922 295 3004 aliaque
314 2923 451 2988 faciendi
468 2925 506 2988 ad
524 2927 585 2989 boc
603 2925 797 2998 neccssaria,
817 2935 910 3005 prout
927 2923 1006 3004 ipsis
1031 2917 1267 2985 commissoriis

173 3019 334 3086 uidebitur
346 3024 499 3104 expedire
515 3041 573 3104 pru
588 3025 724 3089 utilitate
739 3026 905 3088 ethonore
922 3021 1097 3093 lacultatis;
1114 3018 1267 3098 quodque

174 3119 247 3184 dicti
263 3122 481 3186 cortamissarii
505 3123 687 3203 supplicent
704 3125 786 3203 apud
804 3123 953 3187 dominos
974 3122 1015 3184 de
1029 3118 1147 3199 oppido
1164 3115 1264 3179 Lora-

174 3218 274 3284 niensi
301 3237 359 3301 pro
383 3223 574 3286 remissione
599 3221 802 3286 denariorum
826 3221 973 3302 pampeli
997 3218 1050 3300 oui
1077 3215 1195 3298 oppido
1223 3214 1263 3276 ad

171 3333 301 3382 causam
318 3320 404 3384 dicte
420 3321 670 3385 inlteredationis
688 3330 927 3400 competerent3
951 3329 983 3383 et
998 3318 1081 3398 quod
1101 3317 1185 3379 idem
1205 3311 1262 3376 do-

174 3417 246 3480 mini
271 3419 315 3482 de
331 3417 450 3498 oppido
474 3435 536 3482 non
553 3420 657 3483 solum
683 3419 915 3490 corasentirent.
933 3420 1019 3498 quod
1043 3416 1128 3480 dicte
1146 3414 1264 3477 domus

174 3513 313 3580 lacultati
334 3517 593 3597 incorporentur,
611 3528 642 3582 et
658 3519 695 3582 ad
723 3519 794 3580 illas
811 3518 944 3581 facultas
969 3515 1188 3587 inberedetur,
1204 3509 1261 3574 sed

174 3613 264 3678 etiam
294 3614 438 3680 facultati
464 3617 618 3681 assistant
643 3619 682 3680 ad
707 3618 768 3682 boc
792 3618 895 3696 ipsum
919 3615 1153 3696 impetrandum
1177 3609 1261 3689 apud

176 3713 365 3796 principem.
383 3714 536 3780 Similiter
557 3717 642 3796 quod
664 3716 747 3780 idern
771 3715 891 3780 domini
909 3713 1121 3778 commissarii
1148 3707 1263 3774 transi·

175 3827 247 3894 gant
258 3830 334 3878 cum
347 3813 434 3877 dicto
447 3813 738 3890 magistraNicolac
750 3825 948 3878 cotnractum
959 3813 1045 3894 juxta
1056 3807 1262 3894 conditiones

174 3913 330 3992 prelectas
354 3929 452 3993 supet·
477 3913 630 3995 regentia,
648 3923 679 3977 et
694 3931 768 3978 sese
793 3915 920 3976 nominc
937 3910 1095 3976 lacultatis
1118 3908 1261 3988 obligent

172 4011 273 4076 eidem
300 4011 453 4092 magistro
470 4012 602 4076 Nicolao
626 4029 684 4093 pro
707 4012 820 4077 iisdem
844 4011 1084 4076 conditionibus
1107 4007 1168 4088 ipsi
1192 4023 1262 4070 ser·

173 4112 295 4185 validis,
313 4121 347 4176 et
361 4108 505 4176 vicissim
529 4111 705 4194 recipiendi
722 4128 738 4176 a
755 4113 909 4192 magistro
931 4109 1063 4175 Nicolao
1080 4123 1145 4198 pro
1161 4105 1259 4171 lacul-

175 4215 236 4274 tate
247 4209 476 4291 obligationem
494 4209 641 4276 similiter
653 4212 755 4276 dietas
772 4209 974 4276 conditiones
990 4205 1152 4281 servandi,
1167 4213 1264 4298 prout
