<?xml version="1.0" encoding="UTF-8"?>
<!DOCTYPE html PUBLIC "-//W3C//DTD XHTML 1.0 Transitional//EN"
    "http://www.w3.org/TR/xhtml1/DTD/xhtml1-transitional.dtd">
<html xmlns="http://www.w3.org/1999/xhtml" xml:lang="en" lang="en">
 <head>
  <title>
</title>
<meta http-equiv="Content-Type" content="text/html;charset=utf-8" />
  <meta name='ocr-system' content='tesseract 3.04.00' />
  <meta name='ocr-capabilities' content='ocr_page ocr_carea ocr_par ocr_line ocrx_word'/>
</head>
<body>
  <div class='ocr_page' id='page_1' title='image "./documentsrelati01reusgoog/documentsrelati01reusgoog_0120.png"; bbox 0 0 3284 4956; ppageno 0'>
   <div class='ocr_carea' id='block_1_1' title="bbox 873 403 1056 466">
    <p class='ocr_par' dir='ltr' id='par_1_1' title="bbox 873 403 1056 466">
     <span class='ocr_line' id='line_1_1' title="bbox 873 403 1056 466; baseline 0 0"><span class='ocrx_word' id='word_1_1' title='bbox 873 403 1056 466; x_wconf 83' lang='lat' dir='ltr'>-ros-</span> 
     </span>
    </p>
   </div>
   <div class='ocr_carea' id='block_1_2' title="bbox 422 584 1607 668">
    <p class='ocr_par' dir='ltr' id='par_1_2' title="bbox 422 584 1607 668">
     <span class='ocr_line' id='line_1_2' title="bbox 422 584 1607 668; baseline 0.001 -16"><span class='ocrx_word' id='word_1_2' title='bbox 422 585 608 657; x_wconf 76' lang='lat' dir='ltr'>traducitur,</span> <span class='ocrx_word' id='word_1_3' title='bbox 625 592 728 665; x_wconf 83' lang='lat' dir='ltr'>atque,</span> <span class='ocrx_word' id='word_1_4' title='bbox 747 595 779 648; x_wconf 92' lang='lat' dir='ltr'>ut</span> <span class='ocrx_word' id='word_1_5' title='bbox 795 584 826 646; x_wconf 94' lang='lat' dir='ltr'>in</span> <span class='ocrx_word' id='word_1_6' title='bbox 843 584 926 648; x_wconf 90' lang='lat' dir='ltr'>diem</span> <span class='ocrx_word' id='word_1_7' title='bbox 942 584 980 648; x_wconf 76' lang='grc'>18</span> <span class='ocrx_word' id='word_1_8' title='bbox 997 585 1140 665; x_wconf 80' lang='lat' dir='ltr'>eiusdem</span> <span class='ocrx_word' id='word_1_9' title='bbox 1160 585 1281 650; x_wconf 84' lang='lat' dir='ltr'><strong>mensis</strong></span> <span class='ocrx_word' id='word_1_10' title='bbox 1302 599 1496 668; x_wconf 81' lang='lat' dir='ltr'>compareat.</span> <span class='ocrx_word' id='word_1_11' title='bbox 1606 599 1607 630; x_wconf 55' lang='lat' dir='ltr'>l</span> 
     </span>
    </p>
   </div>
   <div class='ocr_carea' id='block_1_3' title="bbox 418 682 1607 1059">
    <p class='ocr_par' dir='ltr' id='par_1_3' title="bbox 418 682 1607 1059">
     <span class='ocr_line' id='line_1_3' title="bbox 421 682 1497 768; baseline 0.003 -20"><span class='ocrx_word' id='word_1_12' title='bbox 421 685 635 768; x_wconf 90' lang='lat' dir='ltr'>ignominioso</span> <span class='ocrx_word' id='word_1_13' title='bbox 658 683 787 748; x_wconf 85' lang='lat' dir='ltr'>decreto</span> <span class='ocrx_word' id='word_1_14' title='bbox 806 682 932 764; x_wconf 85' lang='lat' dir='ltr'>publice</span> <span class='ocrx_word' id='word_1_15' title='bbox 947 684 1074 748; x_wconf 88' lang='lat' dir='ltr'>citatur.</span> <span class='ocrx_word' id='word_1_16' title='bbox 1098 684 1163 748; x_wconf 91' lang='lat' dir='ltr'>Nec</span> <span class='ocrx_word' id='word_1_17' title='bbox 1184 684 1313 750; x_wconf 89' lang='lat' dir='ltr'>erubuit</span> <span class='ocrx_word' id='word_1_18' title='bbox 1329 687 1497 751; x_wconf 88' lang='lat' dir='ltr'>ractoralis</span> 
     </span>
     <span class='ocr_line' id='line_1_4' title="bbox 419 779 1495 864; baseline 0.003 -17"><span class='ocrx_word' id='word_1_19' title='bbox 419 781 581 864; x_wconf 79' lang='lat' dir='ltr'>dignitatis</span> <span class='ocrx_word' id='word_1_20' title='bbox 597 789 767 862; x_wconf 89' lang='lat' dir='ltr'>usurpator</span> <span class='ocrx_word' id='word_1_21' title='bbox 782 781 813 843; x_wconf 95' lang='lat' dir='ltr'>in</span> <span class='ocrx_word' id='word_1_22' title='bbox 831 779 1002 846; x_wconf 89' lang='lat' dir='ltr'>Henricum</span> <span class='ocrx_word' id='word_1_23' title='bbox 1018 782 1057 845; x_wconf 85' lang='grc'>13</span> <span class='ocrx_word' id='word_1_24' title='bbox 1075 780 1148 862; x_wconf 88' lang='lat' dir='ltr'>maji</span> <span class='ocrx_word' id='word_1_25' title='bbox 1171 783 1361 847; x_wconf 88' lang='lat' dir='ltr'>sententiam</span> <span class='ocrx_word' id='word_1_26' title='bbox 1377 784 1495 859; x_wconf 87' lang='lat' dir='ltr'>dicere,</span> 
     </span>
     <span class='ocr_line' id='line_1_5' title="bbox 419 879 1607 964; baseline 0.001 -16"><span class='ocrx_word' id='word_1_27' title='bbox 419 899 480 964; x_wconf 86' lang='lat' dir='ltr'>qua</span> <span class='ocrx_word' id='word_1_28' title='bbox 497 883 590 944; x_wconf 91' lang='lat' dir='ltr'>trium</span> <span class='ocrx_word' id='word_1_29' title='bbox 613 880 736 944; x_wconf 92' lang='lat' dir='ltr'>dierum</span> <span class='ocrx_word' id='word_1_30' title='bbox 759 879 861 959; x_wconf 91' lang='lat' dir='ltr'>spatio</span> <span class='ocrx_word' id='word_1_31' title='bbox 882 879 982 959; x_wconf 86' lang='lat' dir='ltr'>patria</span> <span class='ocrx_word' id='word_1_32' title='bbox 1004 880 1172 956; x_wconf 85' lang='lat' dir='ltr'>excedere,</span> <span class='ocrx_word' id='word_1_33' title='bbox 1193 889 1370 962; x_wconf 82' lang='lat' dir='ltr'>exutusque</span> <span class='ocrx_word' id='word_1_34' title='bbox 1396 884 1497 947; x_wconf 92' lang='lat' dir='ltr'>omni·</span> <span class='ocrx_word' id='word_1_35' title='bbox 1606 939 1607 950; x_wconf 69' lang='lat'>.</span> 
     </span>
     <span class='ocr_line' id='line_1_6' title="bbox 418 977 1495 1059; baseline -0.001 -14"><span class='ocrx_word' id='word_1_36' title='bbox 418 983 479 1045; x_wconf 91' lang='lat' dir='ltr'>bus</span> <span class='ocrx_word' id='word_1_37' title='bbox 494 980 608 1045; x_wconf 85' lang='lat' dir='ltr'>officiis</span> <span class='ocrx_word' id='word_1_38' title='bbox 632 995 688 1059; x_wconf 92' lang='lat' dir='ltr'>per</span> <span class='ocrx_word' id='word_1_39' title='bbox 711 977 901 1042; x_wconf 91' lang='lat' dir='ltr'>decennium</span> <span class='ocrx_word' id='word_1_40' title='bbox 920 978 1048 1041; x_wconf 84' lang='lat' dir='ltr'><strong>exulare</strong></span> <span class='ocrx_word' id='word_1_41' title='bbox 1073 978 1286 1059; x_wconf 78' lang='lat' dir='ltr'>compellitur.</span> <span class='ocrx_word' id='word_1_42' title='bbox 1306 979 1375 1044; x_wconf 85' lang='lat' dir='ltr'>Non</span> <span class='ocrx_word' id='word_1_43' title='bbox 1393 990 1495 1046; x_wconf 87' lang='lat' dir='ltr'>tamen</span> 
     </span>
    </p>
   </div>
   <div class='ocr_carea' id='block_1_4' title="bbox 417 1075 1607 1256">
    <p class='ocr_par' dir='ltr' id='par_1_4' title="bbox 417 1075 1607 1256">
     <span class='ocr_line' id='line_1_7' title="bbox 419 1075 1607 1158; baseline -0.003 -14"><span class='ocrx_word' id='word_1_44' title='bbox 419 1081 470 1144; x_wconf 94' lang='lat' dir='ltr'>hic</span> <span class='ocrx_word' id='word_1_45' title='bbox 494 1078 649 1158; x_wconf 76' lang='lat' dir='ltr'>frangitur</span> <span class='ocrx_word' id='word_1_46' title='bbox 664 1075 791 1140; x_wconf 89' lang='lat' dir='ltr'>Henrici</span> <span class='ocrx_word' id='word_1_47' title='bbox 812 1075 951 1142; x_wconf 67' lang='lat' dir='ltr'>animum</span> <span class='ocrx_word' id='word_1_48' title='bbox 968 1075 1084 1156; x_wconf 84' lang='lat' dir='ltr'>gaudet</span> <span class='ocrx_word' id='word_1_49' title='bbox 1099 1093 1157 1157; x_wconf 92' lang='lat' dir='ltr'>pro</span> <span class='ocrx_word' id='word_1_50' title='bbox 1173 1077 1305 1142; x_wconf 88' lang='lat' dir='ltr'>veritate</span> <span class='ocrx_word' id='word_1_51' title='bbox 1325 1078 1496 1158; x_wconf 76' lang='lat' dir='ltr'>aciustitia</span> <span class='ocrx_word' id='word_1_52' title='bbox 1606 1095 1607 1116; x_wconf 74' lang='lat'>³</span> 
     </span>
     <span class='ocr_line' id='line_1_8' title="bbox 417 1174 1607 1256; baseline -0.01 -12"><span class='ocrx_word' id='word_1_53' title='bbox 417 1177 642 1246; x_wconf 87' lang='lat' dir='ltr'>contumeliam</span> <span class='ocrx_word' id='word_1_54' title='bbox 673 1174 747 1256; x_wconf 90' lang='lat' dir='ltr'>pati.</span> <span class='ocrx_word' id='word_1_55' title='bbox 778 1174 942 1254; x_wconf 77' lang='lat' dir='ltr'>fugitivus</span> <span class='ocrx_word' id='word_1_56' title='bbox 968 1191 985 1236; x_wconf 94' lang='lat' dir='ltr'>a</span> <span class='ocrx_word' id='word_1_57' title='bbox 1011 1174 1186 1240; x_wconf 84' lang='lat' dir='ltr'>reverendo</span> <span class='ocrx_word' id='word_1_58' title='bbox 1212 1174 1342 1240; x_wconf 90' lang='lat' dir='ltr'>domino</span> <span class='ocrx_word' id='word_1_59' title='bbox 1368 1177 1492 1252; x_wconf 77' lang='lat' dir='ltr'>Talion,</span> <span class='ocrx_word' id='word_1_60' title='bbox 1606 1229 1607 1232; x_wconf 74' lang='grc'>,</span> 
     </span>
    </p>
   </div>
   <div class='ocr_carea' id='block_1_5' title="bbox 418 1272 1493 1353">
    <p class='ocr_par' dir='ltr' id='par_1_5' title="bbox 418 1272 1493 1353">
     <span class='ocr_line' id='line_1_9' title="bbox 418 1272 1493 1353; baseline -0.002 -13"><span class='ocrx_word' id='word_1_61' title='bbox 418 1275 619 1348; x_wconf 72' lang='lat' dir='ltr'>lovaniensi,</span> <span class='ocrx_word' id='word_1_62' title='bbox 646 1273 790 1337; x_wconf 82' lang='lat' dir='ltr'>abbatiae</span> <span class='ocrx_word' id='word_1_63' title='bbox 811 1272 1060 1352; x_wconf 75' lang='lat' dir='ltr'>&#39;longerlodnsis</span> <span class='ocrx_word' id='word_1_64' title='bbox 1076 1273 1230 1338; x_wconf 91' lang='lat' dir='ltr'>canonico</span> <span class='ocrx_word' id='word_1_65' title='bbox 1252 1289 1289 1336; x_wconf 91' lang='lat' dir='ltr'>ac</span> <span class='ocrx_word' id='word_1_66' title='bbox 1311 1283 1442 1353; x_wconf 84' lang='lat' dir='ltr'>pastore</span> <span class='ocrx_word' id='word_1_67' title='bbox 1464 1277 1493 1338; x_wconf 92' lang='lat' dir='ltr'>iu</span> 
     </span>
    </p>
   </div>
   <div class='ocr_carea' id='block_1_6' title="bbox 417 1371 1607 1456">
    <p class='ocr_par' dir='ltr' id='par_1_6' title="bbox 417 1371 1607 1456">
     <span class='ocr_line' id='line_1_10' title="bbox 417 1371 1607 1456; baseline -0.004 -14"><span class='ocrx_word' id='word_1_68' title='bbox 417 1374 629 1449; x_wconf 84' lang='lat' dir='ltr'>Roosendael,</span> <span class='ocrx_word' id='word_1_69' title='bbox 647 1371 883 1436; x_wconf 81' lang='lat' dir='ltr'>marchionatus</span> <span class='ocrx_word' id='word_1_70' title='bbox 907 1371 1162 1452; x_wconf 88' lang='lat' dir='ltr'>Bergizomensis</span> <span class='ocrx_word' id='word_1_71' title='bbox 1178 1372 1363 1453; x_wconf 88' lang='lat' dir='ltr'>municipio,</span> <span class='ocrx_word' id='word_1_72' title='bbox 1380 1392 1493 1456; x_wconf 89' lang='lat' dir='ltr'>excep·</span> <span class='ocrx_word' id='word_1_73' title='bbox 1606 1435 1607 1440; x_wconf 74' lang='grc'>,</span> 
     </span>
    </p>
   </div>
   <div class='ocr_carea' id='block_1_7' title="bbox 414 1469 1493 1554">
    <p class='ocr_par' dir='ltr' id='par_1_7' title="bbox 414 1469 1493 1554">
     <span class='ocr_line' id='line_1_11' title="bbox 414 1469 1493 1554; baseline -0.002 -16"><span class='ocrx_word' id='word_1_74' title='bbox 414 1486 467 1540; x_wconf 92' lang='lat' dir='ltr'>tus</span> <span class='ocrx_word' id='word_1_75' title='bbox 483 1472 634 1553; x_wconf 83' lang='lat' dir='ltr'>hospitio,</span> <span class='ocrx_word' id='word_1_76' title='bbox 659 1471 778 1551; x_wconf 80' lang='lat' dir='ltr'>patriae</span> <span class='ocrx_word' id='word_1_77' title='bbox 798 1479 829 1534; x_wconf 86' lang='lat' dir='ltr'>et</span> <span class='ocrx_word' id='word_1_78' title='bbox 844 1471 1065 1534; x_wconf 88' lang='lat' dir='ltr'>Universitatis</span> <span class='ocrx_word' id='word_1_79' title='bbox 1081 1469 1248 1536; x_wconf 89' lang='lat' dir='ltr'>commoda</span> <span class='ocrx_word' id='word_1_80' title='bbox 1267 1471 1416 1546; x_wconf 87' lang='lat' dir='ltr'>consilio,</span> <span class='ocrx_word' id='word_1_81' title='bbox 1433 1489 1493 1554; x_wconf 88' lang='lat' dir='ltr'>ope</span> 
     </span>
    </p>
   </div>
   <div class='ocr_carea' id='block_1_8' title="bbox 413 1568 1492 1652">
    <p class='ocr_par' dir='ltr' id='par_1_8' title="bbox 413 1555 1607 1652">
     <span class='ocr_line' id='line_1_12' title="bbox 413 1568 1492 1652; baseline -0.003 -12"><span class='ocrx_word' id='word_1_82' title='bbox 413 1584 447 1640; x_wconf 90' lang='lat' dir='ltr'>et</span> <span class='ocrx_word' id='word_1_83' title='bbox 475 1574 584 1637; x_wconf 89' lang='lat' dir='ltr'>labore</span> <span class='ocrx_word' id='word_1_84' title='bbox 614 1587 802 1652; x_wconf 80' lang='lat' dir='ltr'>promovere</span> <span class='ocrx_word' id='word_1_85' title='bbox 826 1585 888 1633; x_wconf 82' lang='lat' dir='ltr'>raon</span> <span class='ocrx_word' id='word_1_86' title='bbox 912 1569 1044 1632; x_wconf 86' lang='lat' dir='ltr'>destitit.</span> <span class='ocrx_word' id='word_1_87' title='bbox 1072 1568 1099 1632; x_wconf 83' lang='grc' dir='ltr'>Α</span> <span class='ocrx_word' id='word_1_88' title='bbox 1124 1569 1196 1650; x_wconf 88' lang='lat' dir='ltr'>fuga</span> <span class='ocrx_word' id='word_1_89' title='bbox 1226 1571 1353 1634; x_wconf 81' lang='lat' dir='ltr'>dentum</span> <span class='ocrx_word' id='word_1_90' title='bbox 1384 1587 1492 1636; x_wconf 90' lang='lat' dir='ltr'>mense</span> 
     </span>
    </p>
   </div>
   <div class='ocr_carea' id='block_1_9' title="bbox 413 1669 1491 1750">
    <p class='ocr_par' dir='ltr' id='par_1_9' title="bbox 413 1669 1491 1750">
     <span class='ocr_line' id='line_1_13' title="bbox 413 1669 1491 1750; baseline 0 -14"><span class='ocrx_word' id='word_1_91' title='bbox 413 1671 576 1738; x_wconf 86' lang='lat' dir='ltr'>decembri</span> <span class='ocrx_word' id='word_1_92' title='bbox 600 1669 678 1732; x_wconf 80' lang='grc'><strong>1189</strong></span> <span class='ocrx_word' id='word_1_93' title='bbox 701 1676 858 1732; x_wconf 89' lang='lat' dir='ltr'>retractus</span> <span class='ocrx_word' id='word_1_94' title='bbox 881 1675 912 1732; x_wconf 89' lang='lat' dir='ltr'>et</span> <span class='ocrx_word' id='word_1_95' title='bbox 934 1685 1059 1731; x_wconf 91' lang='lat' dir='ltr'>summo</span> <span class='ocrx_word' id='word_1_96' title='bbox 1084 1669 1224 1732; x_wconf 93' lang='lat' dir='ltr'>omnium</span> <span class='ocrx_word' id='word_1_97' title='bbox 1242 1669 1355 1749; x_wconf 91' lang='lat' dir='ltr'>plausu</span> <span class='ocrx_word' id='word_1_98' title='bbox 1372 1671 1491 1750; x_wconf 86' lang='lat' dir='ltr'>patriae</span> 
     </span>
    </p>
   </div>
   <div class='ocr_carea' id='block_1_10' title="bbox 413 1766 1607 1950">
    <p class='ocr_par' dir='ltr' id='par_1_10' title="bbox 413 1766 1607 1950">
     <span class='ocr_line' id='line_1_14' title="bbox 413 1766 1607 1846; baseline -0.002 -12"><span class='ocrx_word' id='word_1_99' title='bbox 413 1771 570 1844; x_wconf 90' lang='lat' dir='ltr'>redditus,</span> <span class='ocrx_word' id='word_1_100' title='bbox 597 1767 823 1832; x_wconf 86' lang='lat' dir='ltr'>instaurandae</span> <span class='ocrx_word' id='word_1_101' title='bbox 849 1783 959 1830; x_wconf 89' lang='lat' dir='ltr'>mense</span> <span class='ocrx_word' id='word_1_102' title='bbox 985 1766 1131 1846; x_wconf 72' lang='lat' dir='ltr'>ianuario</span> <span class='ocrx_word' id='word_1_103' title='bbox 1172 1767 1251 1829; x_wconf 83' lang='lat' dir='ltr'>ll9tl</span> <span class='ocrx_word' id='word_1_104' title='bbox 1288 1769 1490 1833; x_wconf 90' lang='lat' dir='ltr'>Universatiti</span> <span class='ocrx_word' id='word_1_105' title='bbox 1606 1837 1607 1840; x_wconf 50' lang='lat'>,</span> 
     </span>
     <span class='ocr_line' id='line_1_15' title="bbox 414 1865 1607 1950; baseline 0 -18"><span class='ocrx_word' id='word_1_106' title='bbox 414 1869 559 1950; x_wconf 82' lang='lat' dir='ltr'>praefuit,</span> <span class='ocrx_word' id='word_1_107' title='bbox 577 1883 614 1931; x_wconf 91' lang='lat' dir='ltr'>ac</span> <span class='ocrx_word' id='word_1_108' title='bbox 629 1867 755 1930; x_wconf 88' lang='lat' dir='ltr'>demum</span> <span class='ocrx_word' id='word_1_109' title='bbox 777 1865 926 1930; x_wconf 90' lang='lat' dir='ltr'>recturali</span> <span class='ocrx_word' id='word_1_110' title='bbox 952 1866 1115 1946; x_wconf 85' lang='lat' dir='ltr'>dignitate,</span> <span class='ocrx_word' id='word_1_111' title='bbox 1140 1881 1234 1947; x_wconf 83' lang='lat' dir='ltr'>quam</span> <span class='ocrx_word' id='word_1_112' title='bbox 1253 1868 1281 1931; x_wconf 90' lang='lat' dir='ltr'>ei</span> <span class='ocrx_word' id='word_1_113' title='bbox 1299 1868 1383 1932; x_wconf 94' lang='lat' dir='ltr'>ultro</span> <span class='ocrx_word' id='word_1_114' title='bbox 1399 1868 1490 1932; x_wconf 89' lang='lat' dir='ltr'>oblu-</span> <span class='ocrx_word' id='word_1_115' title='bbox 1606 1871 1607 1880; x_wconf 78' lang='grc'>’</span> 
     </span>
    </p>
   </div>
   <div class='ocr_carea' id='block_1_11' title="bbox 413 1963 1488 2047">
    <p class='ocr_par' dir='ltr' id='par_1_11' title="bbox 413 1963 1488 2047">
     <span class='ocr_line' id='line_1_16' title="bbox 413 1963 1488 2047; baseline -0.002 -17"><span class='ocrx_word' id='word_1_116' title='bbox 413 1969 492 2034; x_wconf 91' lang='lat' dir='ltr'>lerat</span> <span class='ocrx_word' id='word_1_117' title='bbox 508 1965 686 2038; x_wconf 78' lang='lat' dir='ltr'>academia,</span> <span class='ocrx_word' id='word_1_118' title='bbox 705 1965 811 2028; x_wconf 90' lang='lat' dir='ltr'>ultima</span> <span class='ocrx_word' id='word_1_119' title='bbox 830 1963 980 2028; x_wconf 88' lang='lat' dir='ltr'>februarii</span> <span class='ocrx_word' id='word_1_120' title='bbox 995 1981 1068 2029; x_wconf 89' lang='lat' dir='ltr'>sese</span> <span class='ocrx_word' id='word_1_121' title='bbox 1083 1965 1250 2030; x_wconf 57' lang='lat' dir='ltr'>abdicavit.</span> <span class='ocrx_word' id='word_1_122' title='bbox 1267 1967 1394 2041; x_wconf 86' lang='lat' dir='ltr'>Verum,</span> <span class='ocrx_word' id='word_1_123' title='bbox 1410 1967 1488 2047; x_wconf 91' lang='lat' dir='ltr'>proh</span> 
     </span>
    </p>
   </div>
   <div class='ocr_carea' id='block_1_12' title="bbox 413 2063 1607 2137">
    <p class='ocr_par' dir='ltr' id='par_1_12' title="bbox 413 2063 1607 2137">
     <span class='ocr_line' id='line_1_17' title="bbox 413 2063 1607 2137; baseline 0 -7"><span class='ocrx_word' id='word_1_124' title='bbox 413 2067 520 2131; x_wconf 88' lang='lat' dir='ltr'>dolor!</span> <span class='ocrx_word' id='word_1_125' title='bbox 550 2082 609 2128; x_wconf 94' lang='lat' dir='ltr'>nec</span> <span class='ocrx_word' id='word_1_126' title='bbox 635 2065 778 2127; x_wconf 87' lang='lat' dir='ltr'>adversis</span> <span class='ocrx_word' id='word_1_127' title='bbox 805 2064 911 2137; x_wconf 73' lang='lat' dir='ltr'>rebus</span> <span class='ocrx_word' id='word_1_128' title='bbox 940 2080 999 2126; x_wconf 89' lang='lat' dir='ltr'>nec</span> <span class='ocrx_word' id='word_1_129' title='bbox 1024 2063 1188 2128; x_wconf 86' lang='lat' dir='ltr'>laboribus</span> <span class='ocrx_word' id='word_1_130' title='bbox 1216 2065 1348 2129; x_wconf 90' lang='lat' dir='ltr'>fractum</span> <span class='ocrx_word' id='word_1_131' title='bbox 1377 2066 1488 2130; x_wconf 89' lang='lat' dir='ltr'>acerba</span> <span class='ocrx_word' id='word_1_132' title='bbox 1606 2103 1607 2130; x_wconf 62' lang='lat'>1</span> 
     </span>
    </p>
   </div>
   <div class='ocr_carea' id='block_1_13' title="bbox 410 2160 1491 2439">
    <p class='ocr_par' dir='ltr' id='par_1_13' title="bbox 410 2160 1491 2439">
     <span class='ocr_line' id='line_1_18' title="bbox 413 2160 1491 2260; baseline 0.002 -34"><span class='ocrx_word' id='word_1_133' title='bbox 413 2181 512 2240; x_wconf 87' lang='lat' dir='ltr'>mors,</span> <span class='ocrx_word' id='word_1_134' title='bbox 544 2172 615 2243; x_wconf 91' lang='lat' dir='ltr'>post</span> <span class='ocrx_word' id='word_1_135' title='bbox 644 2163 778 2226; x_wconf 91' lang='lat' dir='ltr'>duarum</span> <span class='ocrx_word' id='word_1_136' title='bbox 808 2160 1077 2226; x_wconf 88' lang='lat' dir='ltr'>hebdomadarum</span> <span class='ocrx_word' id='word_1_137' title='bbox 1105 2161 1249 2260; x_wconf 75' lang='lat' dir='ltr'>mprbum</span> <span class='ocrx_word' id='word_1_138' title='bbox 1276 2163 1434 2242; x_wconf 87' lang='lat' dir='ltr'>patienter</span> <span class='ocrx_word' id='word_1_139' title='bbox 1460 2175 1491 2228; x_wconf 93' lang='lat' dir='ltr'>et</span> 
     </span>
     <span class='ocr_line' id='line_1_19' title="bbox 410 2259 1490 2344; baseline -0.001 -16"><span class='ocrx_word' id='word_1_140' title='bbox 410 2265 584 2328; x_wconf 90' lang='lat' dir='ltr'>christiane</span> <span class='ocrx_word' id='word_1_141' title='bbox 613 2263 794 2335; x_wconf 88' lang='lat' dir='ltr'>toleratum,</span> <span class='ocrx_word' id='word_1_142' title='bbox 822 2261 873 2324; x_wconf 91' lang='lat' dir='ltr'>die</span> <span class='ocrx_word' id='word_1_143' title='bbox 899 2262 915 2322; x_wconf 83' lang='lat' dir='ltr'>l</span> <span class='ocrx_word' id='word_1_144' title='bbox 940 2259 1020 2340; x_wconf 75' lang='lat' dir='ltr'>iunii</span> <span class='ocrx_word' id='word_1_145' title='bbox 1049 2261 1139 2334; x_wconf 79' lang='grc'><strong>1710,</strong></span> <span class='ocrx_word' id='word_1_146' title='bbox 1172 2263 1249 2326; x_wconf 90' lang='lat' dir='ltr'>hora</span> <span class='ocrx_word' id='word_1_147' title='bbox 1278 2271 1390 2342; x_wconf 85' lang='lat' dir='ltr'>quarta</span> <span class='ocrx_word' id='word_1_148' title='bbox 1419 2275 1490 2344; x_wconf 92' lang='lat' dir='ltr'>post</span> 
     </span>
     <span class='ocr_line' id='line_1_20' title="bbox 411 2358 1488 2439; baseline 0 -15"><span class='ocrx_word' id='word_1_149' title='bbox 411 2361 587 2432; x_wconf 86' lang='lat' dir='ltr'>meridiem,</span> <span class='ocrx_word' id='word_1_150' title='bbox 614 2359 796 2439; x_wconf 90' lang='lat' dir='ltr'>prostravit.</span> <span class='ocrx_word' id='word_1_151' title='bbox 822 2358 908 2422; x_wconf 88' lang='lat' dir='ltr'>Haec</span> <span class='ocrx_word' id='word_1_152' title='bbox 930 2359 1018 2422; x_wconf 89' lang='lat' dir='ltr'>fuere</span> <span class='ocrx_word' id='word_1_153' title='bbox 1041 2358 1102 2421; x_wconf 91' lang='lat' dir='ltr'>lata</span> <span class='ocrx_word' id='word_1_154' title='bbox 1120 2358 1179 2420; x_wconf 89' lang='lat' dir='ltr'>viri</span> <span class='ocrx_word' id='word_1_155' title='bbox 1197 2360 1350 2438; x_wconf 89' lang='lat' dir='ltr'>praeclari</span> <span class='ocrx_word' id='word_1_156' title='bbox 1368 2377 1406 2424; x_wconf 91' lang='lat' dir='ltr'>ac</span> <span class='ocrx_word' id='word_1_157' title='bbox 1421 2361 1488 2426; x_wconf 93' lang='lat' dir='ltr'>lon-</span> 
     </span>
    </p>
   </div>
   <div class='ocr_carea' id='block_1_14' title="bbox 405 2457 1488 3034">
    <p class='ocr_par' dir='ltr' id='par_1_14' title="bbox 405 2457 1488 3034">
     <span class='ocr_line' id='line_1_21' title="bbox 408 2457 1484 2542; baseline -0.002 -19"><span class='ocrx_word' id='word_1_158' title='bbox 408 2461 490 2542; x_wconf 90' lang='lat' dir='ltr'>giori</span> <span class='ocrx_word' id='word_1_159' title='bbox 515 2461 578 2523; x_wconf 89' lang='lat' dir='ltr'>uita</span> <span class='ocrx_word' id='word_1_160' title='bbox 605 2459 704 2538; x_wconf 89' lang='lat' dir='ltr'>digni,</span> <span class='ocrx_word' id='word_1_161' title='bbox 735 2457 827 2538; x_wconf 84' lang='lat' dir='ltr'>cujus</span> <span class='ocrx_word' id='word_1_162' title='bbox 857 2457 1042 2520; x_wconf 91' lang='lat' dir='ltr'>memoriam</span> <span class='ocrx_word' id='word_1_163' title='bbox 1069 2457 1154 2520; x_wconf 92' lang='lat' dir='ltr'>nulla</span> <span class='ocrx_word' id='word_1_164' title='bbox 1177 2457 1361 2522; x_wconf 87' lang='lat' dir='ltr'>obliterabit</span> <span class='ocrx_word' id='word_1_165' title='bbox 1385 2469 1484 2526; x_wconf 82' lang='lat' dir='ltr'>aetas.</span> 
     </span>
     <span class='ocr_line' id='line_1_22' title="bbox 411 2555 1488 2634; baseline 0.002 -12"><span class='ocrx_word' id='word_1_166' title='bbox 411 2560 522 2623; x_wconf 86' lang='lat' dir='ltr'>Paucis</span> <span class='ocrx_word' id='word_1_167' title='bbox 538 2569 611 2623; x_wconf 90' lang='lat' dir='ltr'>ante</span> <span class='ocrx_word' id='word_1_168' title='bbox 627 2559 746 2621; x_wconf 91' lang='lat' dir='ltr'>obitum</span> <span class='ocrx_word' id='word_1_169' title='bbox 769 2555 882 2621; x_wconf 91' lang='lat' dir='ltr'>diebus</span> <span class='ocrx_word' id='word_1_170' title='bbox 906 2555 955 2617; x_wconf 91' lang='lat' dir='ltr'>via</span> <span class='ocrx_word' id='word_1_171' title='bbox 973 2555 1214 2634; x_wconf 84' lang='lat' dir='ltr'>permutationis</span> <span class='ocrx_word' id='word_1_172' title='bbox 1229 2571 1301 2622; x_wconf 89' lang='lat' dir='ltr'>cum</span> <span class='ocrx_word' id='word_1_173' title='bbox 1317 2560 1488 2625; x_wconf 87' lang='lat' dir='ltr'>consultis·</span> 
     </span>
     <span class='ocr_line' id='line_1_23' title="bbox 408 2653 1485 2735; baseline 0 -15"><span class='ocrx_word' id='word_1_174' title='bbox 408 2657 490 2722; x_wconf 88' lang='lat' dir='ltr'>simo</span> <span class='ocrx_word' id='word_1_175' title='bbox 506 2657 637 2721; x_wconf 90' lang='lat' dir='ltr'>domino</span> <span class='ocrx_word' id='word_1_176' title='bbox 650 2657 739 2735; x_wconf 75' lang='lat' dir='ltr'>diga,</span> <span class='ocrx_word' id='word_1_177' title='bbox 753 2653 879 2735; x_wconf 87' lang='lat' dir='ltr'>collegii</span> <span class='ocrx_word' id='word_1_178' title='bbox 893 2653 1073 2718; x_wconf 88' lang='lat' dir='ltr'>Houterlaei</span> <span class='ocrx_word' id='word_1_179' title='bbox 1090 2653 1248 2732; x_wconf 83' lang='lat' dir='ltr'>praeside,</span> <span class='ocrx_word' id='word_1_180' title='bbox 1263 2656 1485 2720; x_wconf 86' lang='lat' dir='ltr'>canonicatum</span> 
     </span>
     <span class='ocr_line' id='line_1_24' title="bbox 407 2751 1487 2836; baseline 0.001 -18"><span class='ocrx_word' id='word_1_181' title='bbox 407 2758 441 2820; x_wconf 91' lang='lat' dir='ltr'>in</span> <span class='ocrx_word' id='word_1_182' title='bbox 457 2757 624 2836; x_wconf 86' lang='lat' dir='ltr'>collegiata</span> <span class='ocrx_word' id='word_1_183' title='bbox 640 2756 703 2818; x_wconf 89' lang='lat' dir='ltr'>diui</span> <span class='ocrx_word' id='word_1_184' title='bbox 725 2753 833 2818; x_wconf 79' lang='lat' dir='ltr'>iacobi</span> <span class='ocrx_word' id='word_1_185' title='bbox 857 2752 987 2817; x_wconf 88' lang='lat' dir='ltr'>Lovanii</span> <span class='ocrx_word' id='word_1_186' title='bbox 1010 2752 1205 2826; x_wconf 90' lang='lat' dir='ltr'>obtinuerat;</span> <span class='ocrx_word' id='word_1_187' title='bbox 1224 2751 1280 2816; x_wconf 85' lang='lat' dir='ltr'>sed</span> <span class='ocrx_word' id='word_1_188' title='bbox 1305 2753 1401 2834; x_wconf 85' lang='lat' dir='ltr'>hujus</span> <span class='ocrx_word' id='word_1_189' title='bbox 1418 2772 1487 2836; x_wconf 92' lang='lat' dir='ltr'>per·</span> 
     </span>
     <span class='ocr_line' id='line_1_25' title="bbox 409 2851 1488 2920; baseline -0.003 -2"><span class='ocrx_word' id='word_1_190' title='bbox 409 2856 591 2920; x_wconf 89' lang='lat' dir='ltr'>mutationis</span> <span class='ocrx_word' id='word_1_191' title='bbox 617 2854 836 2919; x_wconf 87' lang='lat' dir='ltr'>solemnitates</span> <span class='ocrx_word' id='word_1_192' title='bbox 852 2869 963 2916; x_wconf 88' lang='lat' dir='ltr'>omues</span> <span class='ocrx_word' id='word_1_193' title='bbox 990 2860 1061 2916; x_wconf 90' lang='lat' dir='ltr'>aute</span> <span class='ocrx_word' id='word_1_194' title='bbox 1085 2851 1171 2914; x_wconf 92' lang='lat' dir='ltr'>illius</span> <span class='ocrx_word' id='word_1_195' title='bbox 1190 2851 1311 2916; x_wconf 92' lang='lat' dir='ltr'>obitum</span> <span class='ocrx_word' id='word_1_196' title='bbox 1329 2854 1367 2916; x_wconf 88' lang='lat' dir='ltr'>ab</span> <span class='ocrx_word' id='word_1_197' title='bbox 1384 2853 1488 2918; x_wconf 90' lang='lat' dir='ltr'>archi-</span> 
     </span>
     <span class='ocr_line' id='line_1_26' title="bbox 405 2950 1487 3034; baseline -0.004 -14"><span class='ocrx_word' id='word_1_198' title='bbox 405 2955 559 3034; x_wconf 84' lang='lat' dir='ltr'>episcopo</span> <span class='ocrx_word' id='word_1_199' title='bbox 575 2950 794 3016; x_wconf 88' lang='lat' dir='ltr'>blechliniensi</span> <span class='ocrx_word' id='word_1_200' title='bbox 817 2956 986 3012; x_wconf 87' lang='lat' dir='ltr'>nouerant</span> <span class='ocrx_word' id='word_1_201' title='bbox 1006 2961 1165 3028; x_wconf 89' lang='lat' dir='ltr'>peractae,</span> <span class='ocrx_word' id='word_1_202' title='bbox 1184 2966 1242 3013; x_wconf 89' lang='lat' dir='ltr'>uec</span> <span class='ocrx_word' id='word_1_203' title='bbox 1257 2951 1338 3014; x_wconf 88' lang='lat' dir='ltr'>adeo</span> <span class='ocrx_word' id='word_1_204' title='bbox 1355 2968 1487 3032; x_wconf 88' lang='lat' dir='ltr'>posses-</span> 
     </span>
    </p>
   </div>
   <div class='ocr_carea' id='block_1_15' title="bbox 406 3052 806 3130">
    <p class='ocr_par' dir='ltr' id='par_1_15' title="bbox 406 3052 806 3130">
     <span class='ocr_line' id='line_1_27' title="bbox 406 3052 806 3130; baseline -0.015 -14"><span class='ocrx_word' id='word_1_205' title='bbox 406 3053 530 3117; x_wconf 86' lang='lat' dir='ltr'>sionem</span> <span class='ocrx_word' id='word_1_206' title='bbox 546 3052 634 3114; x_wconf 91' lang='lat' dir='ltr'>adirc</span> <span class='ocrx_word' id='word_1_207' title='bbox 650 3057 806 3130; x_wconf 89' lang='lat' dir='ltr'>potuerat.</span> 
     </span>
    </p>
   </div>
   <div class='ocr_carea' id='block_1_16' title="bbox 368 3229 1482 4197">
    <p class='ocr_par' dir='ltr' id='par_1_16' title="bbox 368 3229 1482 4197">
     <span class='ocr_line' id='line_1_28' title="bbox 446 3229 1480 3303; baseline -0.004 -7"><span class='ocrx_word' id='word_1_208' title='bbox 446 3233 585 3296; x_wconf 83' lang='lat' dir='ltr'>XXVlll.</span> <span class='ocrx_word' id='word_1_209' title='bbox 603 3235 752 3294; x_wconf 81' lang='lat' dir='ltr'>hurourus</span> <span class='ocrx_word' id='word_1_210' title='bbox 774 3231 893 3302; x_wconf 79' lang='lat' dir='ltr'>Sancus,</span> <span class='ocrx_word' id='word_1_211' title='bbox 919 3229 1095 3302; x_wconf 85' lang='lat' dir='ltr'>Bradanus,</span> <span class='ocrx_word' id='word_1_212' title='bbox 1120 3237 1212 3292; x_wconf 86' lang='lat' dir='ltr'>natus</span> <span class='ocrx_word' id='word_1_213' title='bbox 1233 3245 1317 3293; x_wconf 90' lang='lat' dir='ltr'>anno</span> <span class='ocrx_word' id='word_1_214' title='bbox 1340 3231 1432 3303; x_wconf 80' lang='grc'><strong>1750,</strong></span> <span class='ocrx_word' id='word_1_215' title='bbox 1450 3230 1480 3292; x_wconf 93' lang='lat' dir='ltr'>iu</span> 
     </span>
     <span class='ocr_line' id='line_1_29' title="bbox 368 3327 1482 3413; baseline -0.001 -17"><span class='ocrx_word' id='word_1_216' title='bbox 368 3359 374 3376; x_wconf 93' lang='lat'><strong>·</strong></span> <span class='ocrx_word' id='word_1_217' title='bbox 404 3332 545 3413; x_wconf 88' lang='lat' dir='ltr'>generali</span> <span class='ocrx_word' id='word_1_218' title='bbox 570 3331 628 3394; x_wconf 79' lang='grc'>116</span> <span class='ocrx_word' id='word_1_219' title='bbox 652 3329 940 3410; x_wconf 90' lang='lat' dir='ltr'>magistrandorum</span> <span class='ocrx_word' id='word_1_220' title='bbox 965 3327 1164 3406; x_wconf 85' lang='lat' dir='ltr'>promotione</span> <span class='ocrx_word' id='word_1_221' title='bbox 1179 3343 1263 3391; x_wconf 91' lang='lat' dir='ltr'>anno</span> <span class='ocrx_word' id='word_1_222' title='bbox 1278 3329 1359 3390; x_wconf 85' lang='lat' dir='ltr'>llll</span> <span class='ocrx_word' id='word_1_223' title='bbox 1377 3345 1396 3394; x_wconf 93' lang='lat' dir='ltr'>e</span> <span class='ocrx_word' id='word_1_224' title='bbox 1412 3346 1482 3410; x_wconf 90' lang='lat' dir='ltr'>pae-</span> 
     </span>
     <span class='ocr_line' id='line_1_30' title="bbox 405 3425 1480 3510; baseline -0.003 -18"><span class='ocrx_word' id='word_1_225' title='bbox 405 3430 540 3510; x_wconf 90' lang='lat' dir='ltr'>dagogio</span> <span class='ocrx_word' id='word_1_226' title='bbox 557 3427 649 3492; x_wconf 86' lang='lat' dir='ltr'>Porci</span> <span class='ocrx_word' id='word_1_227' title='bbox 665 3427 797 3508; x_wconf 90' lang='lat' dir='ltr'>primus.</span> <span class='ocrx_word' id='word_1_228' title='bbox 819 3427 852 3488; x_wconf 95' lang='lat' dir='ltr'>ln</span> <span class='ocrx_word' id='word_1_229' title='bbox 868 3425 1004 3505; x_wconf 86' lang='lat' dir='ltr'>collegio</span> <span class='ocrx_word' id='word_1_230' title='bbox 1019 3425 1150 3487; x_wconf 79' lang='lat' dir='ltr'>Adriani</span> <span class='ocrx_word' id='word_1_231' title='bbox 1167 3425 1205 3488; x_wconf 86' lang='lat' dir='ltr'>ill</span> <span class='ocrx_word' id='word_1_232' title='bbox 1221 3426 1383 3506; x_wconf 89' lang='lat' dir='ltr'>pontilicis</span> <span class='ocrx_word' id='word_1_233' title='bbox 1399 3428 1480 3492; x_wconf 87' lang='lat' dir='ltr'>inter</span> 
     </span>
     <span class='ocr_line' id='line_1_31' title="bbox 403 3523 1481 3608; baseline 0.001 -17"><span class='ocrx_word' id='word_1_234' title='bbox 403 3543 515 3592; x_wconf 85' lang='lat' dir='ltr'>sacrae</span> <span class='ocrx_word' id='word_1_235' title='bbox 544 3527 723 3606; x_wconf 84' lang='lat' dir='ltr'>theologiae</span> <span class='ocrx_word' id='word_1_236' title='bbox 756 3525 901 3588; x_wconf 92' lang='lat' dir='ltr'>alumnos</span> <span class='ocrx_word' id='word_1_237' title='bbox 931 3523 1129 3602; x_wconf 87' lang='lat' dir='ltr'>adscriptus,</span> <span class='ocrx_word' id='word_1_238' title='bbox 1161 3540 1273 3588; x_wconf 89' lang='lat' dir='ltr'>sacrae</span> <span class='ocrx_word' id='word_1_239' title='bbox 1302 3526 1481 3608; x_wconf 82' lang='lat' dir='ltr'>theologiae</span> 
     </span>
     <span class='ocr_line' id='line_1_32' title="bbox 402 3621 1481 3702; baseline -0.001 -13"><span class='ocrx_word' id='word_1_240' title='bbox 402 3625 630 3690; x_wconf 85' lang='lat' dir='ltr'>baccalaureus</span> <span class='ocrx_word' id='word_1_241' title='bbox 653 3625 819 3698; x_wconf 87' lang='lat' dir='ltr'>formatus,</span> <span class='ocrx_word' id='word_1_242' title='bbox 843 3639 927 3686; x_wconf 91' lang='lat' dir='ltr'>anno</span> <span class='ocrx_word' id='word_1_243' title='bbox 950 3622 1025 3684; x_wconf 78' lang='lat' dir='ltr'>l&#39;ll*</span> <span class='ocrx_word' id='word_1_244' title='bbox 1042 3621 1169 3702; x_wconf 88' lang='lat' dir='ltr'>collegii</span> <span class='ocrx_word' id='word_1_245' title='bbox 1186 3621 1363 3687; x_wconf 90' lang='lat' dir='ltr'>llollandici</span> <span class='ocrx_word' id='word_1_246' title='bbox 1380 3625 1481 3690; x_wconf 91' lang='lat' dir='ltr'>lector</span> 
     </span>
     <span class='ocr_line' id='line_1_33' title="bbox 402 3721 1482 3802; baseline -0.002 -12"><span class='ocrx_word' id='word_1_247' title='bbox 402 3724 618 3790; x_wconf 89' lang='lat' dir='ltr'>constituitur.</span> <span class='ocrx_word' id='word_1_248' title='bbox 637 3723 764 3788; x_wconf 83' lang='lat' dir='ltr'>Electus</span> <span class='ocrx_word' id='word_1_249' title='bbox 777 3721 999 3802; x_wconf 91' lang='lat' dir='ltr'>philosophiae</span> <span class='ocrx_word' id='word_1_250' title='bbox 1015 3721 1182 3801; x_wconf 90' lang='lat' dir='ltr'>professor</span> <span class='ocrx_word' id='word_1_251' title='bbox 1198 3721 1229 3784; x_wconf 91' lang='lat' dir='ltr'>in</span> <span class='ocrx_word' id='word_1_252' title='bbox 1247 3721 1360 3797; x_wconf 73' lang='lat' dir='ltr'>porco,</span> <span class='ocrx_word' id='word_1_253' title='bbox 1372 3724 1412 3786; x_wconf 79' lang='lat'>15</span> <span class='ocrx_word' id='word_1_254' title='bbox 1425 3740 1482 3789; x_wconf 93' lang='lat' dir='ltr'>no·</span> 
     </span>
     <span class='ocr_line' id='line_1_34' title="bbox 402 3819 1481 3903; baseline 0.002 -17"><span class='ocrx_word' id='word_1_255' title='bbox 402 3821 541 3888; x_wconf 88' lang='lat' dir='ltr'>vembrls</span> <span class='ocrx_word' id='word_1_256' title='bbox 569 3821 648 3885; x_wconf 79' lang='lat' dir='ltr'>troo</span> <span class='ocrx_word' id='word_1_257' title='bbox 677 3822 716 3886; x_wconf 91' lang='lat' dir='ltr'>ad</span> <span class='ocrx_word' id='word_1_258' title='bbox 746 3821 917 3886; x_wconf 90' lang='lat' dir='ltr'>concilium</span> <span class='ocrx_word' id='word_1_259' title='bbox 947 3819 1105 3885; x_wconf 87' lang='lat' dir='ltr'>facultatis</span> <span class='ocrx_word' id='word_1_260' title='bbox 1134 3819 1322 3883; x_wconf 83' lang='lat' dir='ltr'>admittitur.</span> <span class='ocrx_word' id='word_1_261' title='bbox 1354 3819 1481 3903; x_wconf 85' lang='lat' dir='ltr'>Regeus</span> 
     </span>
     <span class='ocr_line' id='line_1_35' title="bbox 401 3917 1480 4002; baseline -0.001 -16"><span class='ocrx_word' id='word_1_262' title='bbox 401 3920 496 4002; x_wconf 74' lang='lat' dir='ltr'>buius</span> <span class='ocrx_word' id='word_1_263' title='bbox 522 3920 706 4001; x_wconf 90' lang='lat' dir='ltr'>paedagogii</span> <span class='ocrx_word' id='word_1_264' title='bbox 732 3919 751 3983; x_wconf 90' lang='lat'>8</span> <span class='ocrx_word' id='word_1_265' title='bbox 777 3919 857 4000; x_wconf 87' lang='lat' dir='ltr'>junii</span> <span class='ocrx_word' id='word_1_266' title='bbox 884 3917 975 3993; x_wconf 81' lang='grc'><strong>1790,</strong></span> <span class='ocrx_word' id='word_1_267' title='bbox 1003 3917 1219 3998; x_wconf 80' lang='lat' dir='ltr'>professorem</span> <span class='ocrx_word' id='word_1_268' title='bbox 1248 3925 1354 3982; x_wconf 89' lang='lat' dir='ltr'>tamen</span> <span class='ocrx_word' id='word_1_269' title='bbox 1385 3935 1480 4000; x_wconf 86' lang='lat' dir='ltr'>agere</span> 
     </span>
     <span class='ocr_line' id='line_1_36' title="bbox 401 4013 1482 4100; baseline -0.002 -16"><span class='ocrx_word' id='word_1_270' title='bbox 401 4019 541 4099; x_wconf 84' lang='lat' dir='ltr'>perrexit</span> <span class='ocrx_word' id='word_1_271' title='bbox 558 4017 712 4100; x_wconf 87' lang='lat' dir='ltr'>usquead</span> <span class='ocrx_word' id='word_1_272' title='bbox 729 4015 768 4079; x_wconf 76' lang='grc'>11</span> <span class='ocrx_word' id='word_1_273' title='bbox 783 4016 894 4097; x_wconf 91' lang='lat' dir='ltr'>aprilis</span> <span class='ocrx_word' id='word_1_274' title='bbox 910 4015 1001 4079; x_wconf 75' lang='grc'><strong>1193.</strong></span> <span class='ocrx_word' id='word_1_275' title='bbox 1020 4013 1110 4078; x_wconf 80' lang='lat' dir='ltr'>hiel</span> <span class='ocrx_word' id='word_1_276' title='bbox 1127 4014 1200 4096; x_wconf 88' lang='lat' dir='ltr'>maji</span> <span class='ocrx_word' id='word_1_277' title='bbox 1218 4015 1297 4077; x_wconf 76' lang='lat'>1792</span> <span class='ocrx_word' id='word_1_278' title='bbox 1312 4017 1482 4082; x_wconf 89' lang='lat' dir='ltr'>canonica·</span> 
     </span>
     <span class='ocr_line' id='line_1_37' title="bbox 400 4111 1479 4197; baseline -0.004 -13"><span class='ocrx_word' id='word_1_279' title='bbox 400 4129 466 4184; x_wconf 91' lang='lat' dir='ltr'>tum</span> <span class='ocrx_word' id='word_1_280' title='bbox 482 4119 514 4182; x_wconf 93' lang='lat' dir='ltr'>in</span> <span class='ocrx_word' id='word_1_281' title='bbox 529 4115 702 4184; x_wconf 87' lang='lat' dir='ltr'>cathedrali</span> <span class='ocrx_word' id='word_1_282' title='bbox 717 4115 828 4183; x_wconf 87' lang='lat' dir='ltr'>beatae</span> <span class='ocrx_word' id='word_1_283' title='bbox 846 4113 960 4179; x_wconf 74' lang='lat' dir='ltr'>blaciae</span> <span class='ocrx_word' id='word_1_284' title='bbox 976 4111 1115 4195; x_wconf 73' lang='lat' dir='ltr'>Virginis</span> <span class='ocrx_word' id='word_1_285' title='bbox 1130 4111 1321 4196; x_wconf 86' lang='lat' dir='ltr'>hntrerpiae</span> <span class='ocrx_word' id='word_1_286' title='bbox 1335 4114 1367 4178; x_wconf 83' lang='lat' dir='ltr'>ri</span> <span class='ocrx_word' id='word_1_287' title='bbox 1385 4113 1479 4197; x_wconf 85' lang='lat' dir='ltr'>privi-</span> 
     </span>
    </p>
   </div>
   <div class='ocr_carea' id='block_1_17' title="bbox 0 0 1646 4956">
    <p class='ocr_par' dir='ltr' id='par_1_17' title="bbox 0 0 1646 4956">
     <span class='ocr_line' id='line_1_38' title="bbox 0 0 1646 4956; baseline 0 9"><span class='ocrx_word' id='word_1_288' title='bbox 0 0 1646 4956; x_wconf 95' lang='lat' dir='ltr'> </span> 
     </span>
    </p>
   </div>
  </div>
 </body>
</html>
