3130 4956
626 485 814 549 -tef-

211 659 399 742 ltcm‚quod
415 659 575 743 relinquet
589 663 845 741 Armenteriano
861 666 924 730 vita
940 683 998 732 sua
1014 666 1254 744 durante‚suam

169 757 401 825 habitationem
416 760 448 823 in
465 762 536 825 aula
551 755 650 827 rubea
670 781 742 829 cum
759 765 907 847 ingressu
924 776 956 830 et
971 783 1102 848 egressu
1119 767 1254 848 aliisque

171 857 388 938 pertinentiis,
406 857 490 924 sicut
507 877 577 925 eam
601 877 686 927 nune
708 862 873 938 inhabitat,
890 881 1014 930 necnon
1030 865 1158 930 domum
1174 867 1254 948 lapi·

172 955 266 1020 deam
283 955 315 1018 in
332 957 434 1036 platea
449 957 685 1039 Flamingorum
701 977 774 1025 cum
790 961 917 1026 bortulo
934 961 1038 1026 eidem
1050 979 1187 1029 anrrexo.

214 1054 306 1128 ltem,
324 1055 409 1135 quod
435 1056 544 1122 firmas
570 1075 643 1122 esse
670 1059 806 1138 patiatur
829 1069 860 1125 et
879 1061 1002 1124 curabit
1016 1079 1130 1126 omnes
1145 1064 1254 1128 vendi-

170 1151 280 1218 tiones
292 1162 324 1217 et
338 1154 516 1220 locationes
529 1173 585 1236 per
596 1157 701 1237 ipsum
713 1158 849 1224 eundem
862 1159 1139 1224 Armenterianum
1156 1161 1255 1226 factas

171 1252 324 1332 usquein
340 1253 425 1320 bunc
440 1253 537 1317 diem.

215 1347 309 1426 ltem,
337 1353 421 1431 quod
449 1369 513 1416 non
542 1353 707 1418 revocabit
735 1355 994 1435 presentationes
1024 1357 1198 1421 bursalium
1225 1365 1256 1422 et

171 1463 287 1512 eorum
302 1449 516 1515 admissiones
530 1468 630 1532 usque
646 1453 684 1516 ad
701 1455 948 1533 promotionem,
967 1454 1115 1519 similiter
1136 1455 1256 1536 gratias

172 1549 412 1614 incitantiarum
432 1551 593 1632 magistris
609 1553 764 1617 addictas.

217 1648 307 1722 Item,
321 1650 406 1730 quod
423 1651 653 1716 conventiones
669 1652 791 1717 ratione
806 1653 910 1717 victus
926 1661 979 1716 aut
992 1652 1111 1734 jurium
1129 1670 1257 1734 promo·

172 1745 272 1809 tionis
297 1763 369 1811 cum
395 1747 567 1828 juvenibus
596 1758 649 1812 aut
676 1750 862 1829 parentibus
892 1767 1002 1815 eorum
1032 1751 1132 1815 factas
1163 1751 1256 1816 etiam

171 1843 374 1925 approbabit.

219 1945 309 2019 ltem,
324 1945 409 2025 quod
439 1945 572 2009 facultas
594 1955 648 2010 aut
670 1963 784 2026 regens
810 1947 975 2028 pedagogii
998 1965 1054 2029 per
1073 1947 1254 2012 facultatem

172 2051 258 2112 forte
284 2043 501 2108 instituendus
529 2060 591 2107 non
617 2045 748 2124 recipiet
775 2061 832 2124 pro
855 2061 891 2110 se
913 2045 952 2108 ab
979 2046 1085 2126 aliquo
1113 2045 1258 2110 debitore

173 2145 251 2210 dicti
274 2141 508 2206 Armcnteriani
535 2143 699 2221 pecuniam
724 2143 846 2208 ratione
870 2143 984 2218 victus,
1003 2144 1094 2224 pretii
1110 2143 1257 2208 scholas-

172 2245 241 2318 tici,
258 2253 401 2314 actuum,
421 2241 592 2316 redituum,
616 2240 665 2304 vel
682 2240 744 2306 alio
761 2258 962 2322 quocumque
983 2242 1090 2316 modo,
1108 2241 1168 2304 nisi
1185 2241 1258 2305 talis

173 2342 301 2407 debitor
316 2339 456 2420 primum
478 2348 510 2403 et
531 2349 603 2403 ante
621 2339 730 2422 'ovnrria
747 2340 839 2419 plene
856 2337 989 2403 solverit
1004 2339 1106 2403 eidem
1123 2339 1251 2404 Armen-

174 2441 312 2506 teriauo.

217 2541 308 2613 Item,
333 2535 434 2618 quod,
457 2535 720 2617 quotiescumque
750 2553 865 2616 regens
897 2535 973 2600 dicti
1003 2537 1171 2617 pedagogii
1202 2555 1259 2618 per

176 2639 360 2702 facultatem
389 2637 470 2699 forte
498 2635 741 2700 constituendus
770 2635 947 2700 decesserit
976 2636 1043 2700 sive
1073 2635 1135 2700 aliu
1164 2636 1258 2700 modo

176 2753 294 2818 regens
309 2751 384 2799 esse
396 2733 539 2808 desierit,
551 2733 578 2797 si
590 2734 704 2814 aliquis
720 2733 759 2799 de
775 2735 964 2815 cognatione
980 2745 1034 2798 aut
1049 2735 1165 2798 familia
1181 2735 1258 2798 dicti

178 2833 414 2898 Armerrteriaui
437 2831 571 2896 idoneus
594 2833 780 2912 reperiatur,
798 2833 851 2913 qni
875 2850 933 2914 pro
956 2833 1097 2913 regentia
1114 2831 1256 2912 ejusdem

177 2931 347 3013 pedagogii
364 2930 534 3010 supplicet,
552 2929 685 2994 facultas
705 2949 760 3010 pre
776 2931 847 2995 aliis
863 2949 934 2996 euin
950 2931 1084 3011 recipiet
1099 2940 1131 2994 et
1145 2930 1258 2994 admit·

176 3041 234 3109 tet,
251 3031 401 3110 dictaque
424 3029 562 3109 regentia
585 3046 657 3092 eum
681 3030 737 3104 uti,
761 3029 823 3093 frui
845 3039 877 3094 et
891 3030 1030 3110 gaudere
1046 3029 1116 3094 sine
1131 3036 1259 3093 coutro-

175 3130 284 3195 versla
301 3128 395 3192 faciet
416 3126 477 3190 sub
499 3125 577 3191 solis
600 3128 751 3192 oneribus
767 3128 799 3190 in
817 3135 1007 3192 testamento
1023 3129 1099 3191 dicti
1116 3127 1259 3208 magistri

175 3227 283 3293 caroli
300 3226 399 3290 Viruli
415 3225 609 3290 constitutis.

219 3329 312 3400 Item,
330 3324 415 3406 quod
438 3324 572 3387 facultas
599 3324 839 3405 perpetuitatem
866 3324 943 3389 dicti
966 3323 1133 3406 pedagogii
1156 3324 1259 3388 bono·

176 3441 316 3504 rumque
331 3423 475 3504 ejusdem
489 3439 545 3502 pru
558 3439 616 3487 suo
630 3440 725 3502 posse
741 3423 772 3485 in
788 3440 844 3488 sna
857 3425 1037 3504 integritate
1052 3439 1257 3498 conservare,

179 3525 331 3603 idemque
347 3521 557 3602 pedagoginm
572 3537 722 3601 reparare
737 3539 774 3586 ac
790 3533 969 3587 restaurare
985 3522 1155 3598 tenebitur,
1165 3521 1260 3585 etiam

179 3624 210 3687 si
226 3639 304 3686 casu
320 3619 530 3685 incendii‘aut
545 3619 607 3684 alio
624 3620 718 3682 simili
736 3621 857 3685 edificia
875 3621 1017 3702 ejusdem
1035 3620 1196 3700 perierint.

223 3721 316 3792 ltem,
344 3718 429 3800 quud
457 3719 589 3782 facultas
606 3720 768 3800 ¹suscipiet
793 3729 824 3784 et
849 3737 908 3800 pro
930 3737 990 3783 suo
1014 3736 1109 3799 posse
1132 3717 1260 3790 fovebit,

180 3817 385 3900 promovebit
406 3825 437 3880 et
458 3815 607 3880 defendet
628 3815 764 3897 quatuor
779 3817 925 3881 bursales
940 3835 1013 3881 cum
1030 3833 1092 3880 uuo
1109 3817 1262 3896 magistro

180 3917 318 3980 indicto
335 3913 512 3995 pedagogio
528 3913 597 3976 Lilii
618 3931 674 3994 per·
695 3915 972 3978 Armenterianum
989 3915 1185 3991 fundandum
1204 3930 1263 3994 pro

180 4015 300 4096 quibus
328 4012 552 4076 intertinendis
575 4013 657 4076 idem
680 4012 943 4077 monterianus
966 4023 1038 4091 post
1060 4013 1155 4076 vitam
1172 4028 1263 4076 suam

183 4210 409 4284 rbenensium,
429 4207 582 4273 reditibus
607 4207 722 4273 anriuis
749 4225 877 4273 nummo
903 4207 992 4290 xviij⁰
1017 4208 1262 4273 redimibilibus.
