3158 4952
735 401 914 466 -331-

280 586 423 668 gregalia
441 584 600 648 facultatis
616 584 729 648 artium
747 584 777 645 in
794 583 917 648 subolis
932 583 1128 648 artistarum.
1143 585 1280 658 Quintus
1295 587 1366 649 arti·

278 685 370 750 culus
392 691 460 748 erat
486 683 522 744 ad
547 681 740 745 audiendum
765 682 875 745 referri
903 690 971 746 acta
995 683 1219 762 deputatorum
1243 683 1365 747 domini

276 783 417 865 regentis
434 783 464 845 10
482 783 630 844 Falcone.
650 782 802 844 Dominus
818 781 960 846 decanus
984 782 1014 844 in
1033 783 1193 861 presentia
1213 783 1361 846 domiuo-v

278 899 347 946 rum
371 882 478 946 retulit
498 890 566 944 octa
589 881 641 944 die
663 881 802 953 veneris,
827 881 874 960 iijt
894 881 1038 945 octobris
1061 882 1181 954 ultime,
1207 882 1312 946 babita
1334 893 1364 946 et

278 989 366 1060 gesta
382 981 412 1042 in
427 979 842 1061 0000110101010110000110
857 981 887 1042 in
901 980 1055 1052 Falcone;
1074 991 1105 1044 el
1117 980 1238 1044 domini
1257 980 1366 1061 buius«

280 1079 369 1160 modi
382 1086 451 1143 acta
468 1077 699 1159 approbarunt.
716 1079 810 1152 Aera,
830 1078 896 1152 vll,
915 1079 969 1142 fol.
987 1080 1046 1141 111
1064 1093 1093 1141 1ο
1108 1090 1140 1144 01
1155 1093 1199 1142 v0.

321 1229 376 1290 Die
401 1227 560 1298 mercurii,
592 1245 676 1289 110110
701 1229 814 1289 mamis
840 1227 1006 1290 decembris
1033 1228 1131 1300 1515,
1163 1228 1223 1292 sub
1255 1227 1362 1291 beram

278 1343 394 1390 nouam
411 1335 484 1388 aute
501 1325 681 1403 prandium,
700 1325 817 1388 indicta
835 1325 1083 1406 congregatione
1105 1327 1266 1391 facultatis
1282 1327 1365 1391 inter

277 1423 644 1508 deputatoserdiaarios
667 1433 698 1487 et
718 1424 889 1504 plerosque
912 1425 1059 1488 seniores
1084 1425 1243 1488 facultatis
1267 1443 1363 1504 super

278 1523 405 1603 negotio
421 1523 537 1586 domus
555 1521 772 1602 pedagogialis
788 1523 948 1592 Falconis.
965 1532 1036 1602 0001
1053 1524 1179 1604 longam
1197 1534 1228 1588 et
1245 1523 1360 1587 variam

277 1622 518 1694 conferentiam,
545 1621 758 1684 vicedecanus
781 1638 818 1683 cx
843 1613 980 1700 plurium
1005 1621 1168 1703 suffragiis
1191 1622 1359 1696 conclusit,

276 1720 360 1800 quod
379 1737 494 1801 regens
517 1719 665 1782 Falconis
683 1719 795 1799 parlim
818 1721 886 1782 suis
902 1720 1097 1800 sumptibus,
1117 1722 1229 1800 partim
1254 1738 1360 1801 sump-

278 1820 364 1883 tibus
388 1820 558 1892 facultatis,
573 1819 702 1898 juberet
724 1837 813 1882 suam
831 1823 958 1884 domum
983 1839 1054 1884 cum
1073 1822 1222 1886 omnibus
1245 1823 1283 1884 ad
1307 1823 1362 1885 do-

279 1937 362 1982 mum
380 1929 433 1982 aut
457 1919 587 1982 fundum
607 1919 839 1997 pertinentibus
864 1921 1025 1998 perinsus
1048 1921 1243 1985 architectos
1267 1921 1361 1984 taxari

278 2029 309 2082 ct
326 2017 514 2098 0001001011.
533 2017 577 2080 td
596 2034 689 2097 etiam
714 2018 905 2082 taxationem
931 2019 1119 2094 faciendum,
1140 2030 1173 2082 ut
1197 2029 1362 2099 presentes

277 2117 481 2182 interessent.
500 2119 662 2194 deputavit
686 2117 857 2194 magistros
883 2117 1061 2198 l’bilinpum
1085 2119 1172 2182 Buck
1195 2128 1227 2183 et
1251 2119 1362 2182 atinol-

276 2215 351 2278 dum
379 2215 604 2278 llalvrrmilen.
633 2215 670 2277 Et
696 2215 781 2277 illam
810 2217 1001 2280 taxationem
1033 2227 1064 2281 et
1092 2218 1360 2297 appreciatioaem

276 2314 345 2393 ipse
368 2329 483 2394 regens
500 2314 645 2377 Falconis
668 2314 803 2378 referret
828 2315 866 2376 ad
892 2315 981 2393 111000
997 2315 1167 2395 deputatos
1188 2316 1359 2382 facultatis.

276 2413 366 2486 Aera,
385 2413 449 2487 Vll,
468 2413 522 2478 ful.
540 2413 600 2475 131
617 2424 655 2474 11.

319 2563 640 2640 mammaemammal
655 2563 767 2625 merrsis
783 2561 948 2625 decembris
966 2563 1132 2636 11110011
1148 2563 1258 2627 horam
1277 2574 1361 2628 octa«

275 2675 345 2722 vam
362 2658 402 2723 de
418 2676 520 2726 ruane.
539 2661 656 2724 indicta
674 2661 731 2724 fuit
754 2660 960 2740 congregatio
978 2661 1137 2725 facultatis
1160 2662 1244 2726 inter
1262 2664 1359 2742 depu-

276 2758 559 2822 101000111001100
582 2767 613 2821 et
637 2759 807 2838 plerosque
831 2760 978 2824 seniores
1002 2760 1161 2842 facultatis
1184 2778 1283 2840 suuer
1307 2779 1360 2826 nc*

272 2857 360 2937 gotio
387 2856 504 2921 demus
532 2857 748 2938 pedagogialis
777 2858 934 2923 Falconis.
963 2858 1020 2934 Qui
1052 2859 1180 2938 quidem
1210 2861 1359 2924 dominus

272 2971 389 3036 regens
415 2955 622 3021 Falconensis
646 2957 733 3036 juxta
757 2959 999 3022 conclusionem
1025 2959 1250 3038 deputatorum
1279 2977 1359 3024 mer-

271 3053 364 3127 curii,
389 3071 471 3120 0000
495 3055 639 3136 ejusdem
668 3057 789 3121 rneusis
815 3057 1007 3121 decembris.
1033 3058 1140 3121 retulit
1164 3068 1196 3122 ct
1218 3060 1357 3123 exhibuit

271 3169 378 3217 ceram
403 3153 564 3233 deputatis
580 3155 767 3218 schedulam
792 3155 962 3218 taxationis
984 3155 1233 3220 architectorum
1257 3158 1289 3220 in
1306 3174 1357 3221 en·

271 3250 343 3315 dem
361 3253 490 3332 negotio
506 3264 757 3332 assumptorum,
773 3264 866 3332 prout
884 3254 1044 3318 estimatio
1061 3255 1247 3319 eorumdem
1265 3257 1358 3320 latius

273 3351 304 3412 in
317 3350 401 3414 dicta
413 3351 567 3416 schedula
583 3352 716 3416 babetur
728 3362 759 3415 et
771 3353 1044 3416 continetur.Post
1056 3353 1184 3435 longam
1196 3364 1228 3419 cl
1239 3356 1356 3418 variam

271 3446 502 3513 conferentiam
515 3449 729 3515 vicedecanus
746 3468 783 3513 ex
796 3451 936 3514 omnium
954 3451 1116 3533 suffragiis
1129 3454 1290 3518 conclusit
1304 3453 1357 3518 eli·

271 3546 395 3626 gendos
411 3565 485 3613 esse
497 3549 750 3626 commissarios,
765 3549 818 3630 uui
831 3567 903 3614 enm
921 3551 1066 3629 predicte
1078 3552 1211 3616 domino
1228 3563 1356 3634 regente

270 3645 459 3711 Falconensi
474 3648 750 3713 communicarent
773 3649 812 3713 de
829 3649 1021 3714 inveniendo
1037 3651 1122 3715 bonu
1140 3652 1235 3717 modo
1257 3651 1356 3716 conti⁴

270 3746 386 3810 nuauoi
401 3747 590 3827 regentium,
605 3747 631 3810 si
646 3747 801 3825 possibile
814 3749 924 3822 fuerit;
942 3749 990 3814 vel
1004 3749 1043 3812 ad
1056 3751 1354 3815 communicandum

269 3859 341 3906 cum
368 3843 481 3908 eodem
508 3845 677 3924 decretio
704 3847 889 3927 pedagogii,
920 3848 958 3910 ad
986 3848 1180 3913 servandum
1207 3860 1352 3930 quartum

270 3941 446 4006 membrum
470 3943 641 4016 facultatis,
659 3946 685 4007 si
711 3945 865 4024 possibile
889 3946 995 4011 fuerit.
1012 3947 1050 4010 El
1065 3948 1186 4012 domini
1212 3948 1353 4012 nomina*

271 4047 397 4103 100101
420 4041 615 4121 deputarunt
638 4044 809 4122 magistros
832 4042 1031 4108 Tilmaunum
1054 4044 1181 4120 Clerici,
1201 4046 1351 4111 ludecum

271 4137 311 4202 de
326 4138 428 4204 Fileto
444 4151 475 4204 et
491 4127 684 4205 ludovicum
702 4142 766 4204 Van
785 4142 909 4216 Germe,
928 4161 1001 4208 cum
1019 4145 1174 4211 relatione
1197 4157 1300 4212 tamen
1315 4145 1352 4208 ad

272 4237 442 4317 deputatos
459 4240 631 4304 facultatis.
649 4242 738 4314 bora,
757 4239 822 4314 Vll,
840 4241 893 4305 fel.
911 4243 973 4305 131
988 4256 1018 4305 1ο
1034 4252 1064 4307 01
1080 4254 1123 4306 v0.
