3252 4954
734 400 922 492 -uat-'-

282 607 637 690 patriameruditicnis
665 609 794 674 nomine
827 609 1060 690 regivllenricc
1084 609 1153 672 vttl
1180 626 1276 676 carus
1302 627 1381 678 esse

281 707 400 788 coepit,
412 718 508 788 atque
523 707 552 771 ei
569 708 696 772 tandein
712 725 729 770 a
746 709 849 774 sacris
866 709 934 774 luit.
954 709 984 772 ls
999 709 1086 789 regis
1104 709 1194 772 lavor
1207 709 1250 772 ita
1267 709 1373 774 bomi-

283 822 356 870 nem
379 806 495 886 rapuit,
514 815 547 871 ut
562 807 716 887 deinceps
737 806 778 874 de
793 808 960 872 erroribus
984 807 1176 889 quibusdam
1203 816 1378 887 suspectus

283 922 412 984 semper
435 905 541 970 luerit.
567 905 665 980 Quam
682 907 902 986 suspicionem
927 905 998 987 ejus
1014 914 1045 970 et
1069 923 1176 970 mores
1199 916 1231 971 et
1254 906 1375 986 scripta

283 1005 429 1068 ncuninil
465 1015 632 1070 auxerunt.
665 1005 770 1080 Quare
806 1015 837 1070 et
867 1005 941 1068 libri
973 1006 1043 1086 ejus
1080 1005 1177 1086 aliqui
1214 1006 1373 1070 damnatis

282 1115 543 1169 annumerantur.
576 1104 694 1168 llissus
718 1105 872 1169 Oxoniam
897 1123 981 1169 nnnc
1007 1104 1098 1178 1530,
1128 1105 1159 1166 in
1186 1105 1371 1168 academico

282 1203 423 1266 triclinio
439 1203 528 1267 aedis
544 1201 660 1266 Christi
678 1203 912 1286 (Christclurcir
932 1202 1056 1285 collepe)
1080 1203 1205 1284 linguas
1229 1201 1367 1277 tradidit,

282 1317 320 1364 ac
352 1301 483 1366 biennio
514 1313 587 1382 post
617 1303 760 1383 eiusdem
792 1303 918 1384 collegii
949 1304 1138 1368 caircuicatu
1170 1304 1308 1367 donatus
1336 1312 1368 1366 ct

282 1399 463 1481 theologiae
480 1401 709 1464 baccalaureus
725 1412 853 1465 creatus
877 1413 938 1464 est.
959 1401 1070 1466 Postea
1094 1402 1188 1465 etiam
1205 1400 1369 1464 Caritabri·

280 1499 350 1581 giae
373 1500 482 1564 docuit
504 1517 541 1562 ac
559 1517 686 1564 rursum
704 1499 855 1574 oxoniae,
876 1501 927 1564 ubi
951 1503 1034 1580 apud
1055 1501 1195 1563 Siculam
1220 1501 1365 1580 degebat.

282 1597 527 1672 «praeterear
557 1609 588 1662 ut
615 1599 727 1662 scribit
754 1600 880 1664 Pitseus
907 1599 936 1661 in
965 1617 1063 1680 opere
1090 1601 1135 1662 be
1151 1601 1369 1664 claudemiisat

278 1695 449 1762 illustribus
480 1699 611 1778 Anpliuc
640 1699 838 1779 scriptoribus
870 1699 917 1776 (ad
950 1715 1067 1762 antrum
1101 1697 1192 1770 t538.
1226 1711 1261 1760 ιιο
1287 1697 1369 1776 957),

280 1793 389 1858 «dum
416 1811 500 1858 atrito
535 1795 657 1860 Domini
690 1795 771 1858 tuac
798 1813 853 1859 rex
891 1798 1121 1862 monasterium
1160 1795 1369 1861 Ramesiense

282 1917 296 1953 u
315 1893 520 1975 (llcmespcte)
537 1895 621 1958 dirui
640 1895 768 1966 laceret.
790 1895 840 1959 lric
857 1896 1013 1976 iniquitati
1038 1905 1144 1960 tantae
1160 1896 1369 1960 consensisse

282 2013 295 2051 u
314 2001 346 2057 et
368 1993 501 2058 alluisse
524 1993 661 2057 videtur.
691 1995 767 2057 Nam
792 2003 823 2058 et
847 1995 917 2074 ipse
941 2011 979 2058 ex
1003 1993 1059 2058 illa
1083 1993 1276 2058 bibliotbeca
1305 2011 1368 2058 ιιοιι

280 2117 293 2143 ι
314 2109 433 2171 paucos
457 2093 557 2169 libros
581 2094 779 2173 surripuisse
801 2094 930 2170 dicitur,
954 2103 985 2158 et
1008 2095 1039 2156 in
1064 2094 1115 2158 bis
1144 2095 1368 2157 dictionarium

277 2213 295 2249 c
312 2191 484 2254 ltebruicuru
497 2192 656 2255 Laurentii
672 2192 924 2272 llclbecci,opus
936 2193 1067 2256 doctum
1081 2200 1110 2256 et
1123 2193 1333 2256 elaboratum.
1349 2215 1361 2250 ι

280 2286 364 2352 Obiit
380 2288 605 2354 Waclteleldus
633 2289 767 2352 Londini
792 2291 810 2352 8
837 2291 983 2354 octobris
1000 2289 1091 2353 test.
1110 2291 1156 2354 lle
1182 2307 1221 2354 ec
1246 2290 1367 2354 videsis

280 2387 314 2450 F.
332 2388 429 2458 Nisus.
447 2405 500 2469 op.
518 2389 586 2462 cit..
606 2407 659 2468 pp.
677 2388 823 2452 att-233.

322 2485 409 2551 llaec
427 2496 502 2550 sont
517 2487 636 2568 ingenii
654 2487 724 2567 ejus
742 2496 948 2551 monumenta
967 2510 974 2550 :

318 2603 348 2648 c.
374 2586 482 2650 Oratio
505 2585 541 2650 de
563 2585 694 2648 utilitate
717 2586 895 2665 liupucrum
917 2585 1059 2658 arabica,
1077 2585 1241 2649 cbulduicoe
1268 2591 1298 2648 et
1318 2585 1368 2648 ltc-

276 2683 398 2757 bruicc,
416 2693 508 2767 utque
523 2687 718 2748 idiomatibus
735 2685 885 2748 bebruicis
902 2703 971 2766 quta
986 2687 1018 2747 in
1035 2692 1163 2766 utruque
1182 2686 1369 2748 l'estcrncnic

276 2785 486 2847 tripertiuntur.
513 2784 658 2857 londini,
678 2785 760 2864 typis
785 2782 933 2846 Winaudi
960 2782 1090 2848 Wcrde.
1114 2784 1146 2846 ln
1172 2785 1368 2864 praelatione

278 2883 357 2946 baec
372 2881 484 2946 scribit
508 2905 514 2944 :
540 2907 557 2941 ιι
577 2882 676 2963 llujus
694 2883 850 2946 orationis
867 2883 992 2946 tertiam
1010 2892 1130 2962 partem
1148 2895 1279 2963 propter
1295 2883 1366 2946 inc·

277 2979 394 3059 »piam
420 2980 641 3045 hebraicorum
666 2981 901 3054 clmracterum,
926 2981 1043 3061 quibus
1066 2981 1243 3061 impressor
1264 2991 1364 3055 caret,

283 3101 296 3138 u
315 3096 401 3143 nuuc
423 3079 678 3161 praetermittere
700 3089 833 3144 coactus
850 3097 933 3144 sum.
952 3080 986 3143 ln
1002 3097 1038 3144 ea
1055 3081 1153 3161 igitur
1169 3081 1208 3145 de
1225 3081 1367 3144 Hebrae-

284 3200 297 3236 ι
315 3194 406 3241 crum
436 3179 584 3243 ecdicum
610 3178 863 3259 incorruptione.
888 3179 928 3242 de
960 3189 1151 3259 punctorum
1182 3188 1213 3243 at
1241 3179 1366 3259 apicum

283 3294 376 3340 »usu
397 3292 435 3340 ac
457 3277 751 3348 adinventionem
773 3285 866 3340 carrtu
887 3277 1102 3342 Hebraeorum
1127 3287 1158 3341 et
1177 3288 1365 3342 acceutuum

284 3375 516 3439 »musicalium
548 3376 695 3438 laudibus
724 3385 819 3456 atque
849 3376 996 3450 utilitate,
1024 3378 1063 3441 de
1093 3377 1258 3440 erroribus
1285 3375 1367 3438 txx

284 3473 526 3552 »interpretum
543 3485 574 3537 et
590 3473 787 3552 Hieronymi,
805 3476 846 3538 de
869 3476 1074 3540 idiomatibus
1095 3475 1267 3550 bebmicis,
1285 3490 1367 3556 cuae

283 3572 346 3636 rin
377 3583 513 3651 utroque
537 3572 742 3636 Testamento
772 3573 986 3648 inveniantur,
1013 3585 1045 3640 et
1073 3591 1168 3656 quam
1199 3575 1367 3639 hebraicae

283 3671 444 3751 »linguae
466 3671 608 3752 cognitio
631 3672 791 3752 tneclcgis
815 3674 998 3736 necessaria
1021 3673 1074 3737 sit.
1092 3675 1193 3754 Spero
1210 3691 1259 3738 me
1281 3674 1312 3736 iu
1330 3689 1367 3736 ea

283 3769 346 3832 »id
364 3770 564 3848 praestitisse
586 3770 626 3834 de
653 3771 755 3848 tropis
778 3772 975 3851 Scripturae,
993 3774 1131 3852 punctis,
1150 3772 1365 3852 positionibus

282 3875 346 3932 »et
363 3869 526 3932 nonnullis
548 3869 620 3932 aliis
644 3869 753 3943 rebus,
778 3871 863 3950 quod
886 3891 902 3930 u
927 3881 1078 3935 nascente
1099 3870 1256 3946 Ecclesia,
1279 3870 1366 3952 quod

283 3988 297 4026 u
315 3965 427 4041 sciam,
442 3967 598 4046 praestitit
615 3984 720 4041 nemo,
736 3984 798 4030 non
811 3968 914 4031 dicam
931 3970 1108 4033 attentarit.
1124 3993 1141 4027 »
1157 3967 1244 4041 Quae
1257 3969 1365 4040 verba,

279 4064 368 4129 addit
392 4065 523 4146 aequor,
541 4066 679 4130 bominis
702 4065 865 4130 audaciam
888 4082 926 4130 ac
949 4067 1188 4146 praefidentiam
1211 4068 1368 4132 indicauir

279 4161 326 4226 tu
343 4163 463 4229 calcem
481 4165 597 4246 legitur
612 4166 752 4244 ltpnntu
767 4165 808 4228 ud
822 4166 929 4229 ducem
944 4167 1189 4231 Ferriincudum.
