3236 4952
701 449 886 514 -133-

248 633 433 716 ponderum
469 631 591 699 domini
627 631 844 697 deliberantes
881 629 1083 695 declarantes
1114 629 1187 694 talis
1217 627 1337 707 schole

244 733 477 798 admissionem
508 730 751 813 prejudicialenr
778 746 851 796 esse
882 737 914 796 ct
938 731 1007 794 fore
1036 728 1178 794 facultati
1206 728 1335 796 artiunu

246 833 341 906 Aura,
359 831 442 906 vill,
459 831 515 896 fol.
532 829 573 894 86
588 840 631 894 vl.

291 986 304 1023 u
322 965 380 1027 Dte
394 963 477 1037 lune,
491 965 572 1042 caeiij
586 963 849 1042 menstep‘acuorit'
865 961 956 1036 teca,
970 959 1089 1025 indicta
1102 959 1160 1024 fuit
1172 953 1337 1040 deputatio

246 1063 407 1127 facultatis
420 1079 491 1127 cum
505 1062 625 1143 aliquot
638 1061 822 1126 senioribus
835 1057 994 1125 facultatis
1006 1059 1039 1122 in
1056 1075 1170 1142 magno
1183 1065 1335 1133 numeret

245 1163 284 1226 ad
301 1163 495 1226 audiendum
519 1161 581 1243 legi
606 1160 847 1226 conclusionem
872 1159 1095 1240 deputatorum
1113 1153 1337 1222 Universitatis

244 1261 396 1326 hesterna
426 1260 478 1324 die
508 1267 646 1340 captam.
677 1259 715 1323 Et
751 1259 902 1323 dominus
932 1257 1075 1321 decanus
1112 1257 1144 1319 in
1174 1255 1337 1338 presentia

245 1359 449 1423 dominorum
466 1359 554 1440 legit.
575 1367 606 1423 et
621 1357 742 1422 domini
759 1357 900 1437 deputati
917 1357 1057 1421 consulti
1074 1355 1114 1420 de
1129 1353 1338 1420 conclusione

246 1466 336 1539 capta
377 1475 436 1538 per
463 1458 628 1523 dominum
670 1465 831 1522 rectorem
862 1465 894 1522 et
934 1466 1131 1522 convocatos
1167 1455 1338 1536 deputatos

245 1557 307 1638 xxij
328 1557 465 1637 januarii
489 1573 573 1622 anno
598 1557 654 1629 lix,
682 1555 887 1620 declararunt
910 1555 1059 1620 dominos
1083 1555 1240 1620 decanum
1263 1569 1336 1618 cum

245 1655 379 1736 syndico
392 1655 551 1720 facultatis
563 1656 680 1719 artium
696 1655 850 1720 accedere
863 1655 982 1718 debere
997 1653 1162 1718 dominum
1176 1661 1336 1718 rectorem

244 1755 282 1819 ad
314 1755 495 1819 habendum
525 1755 705 1836 longiorem
736 1754 906 1818 terminum
945 1753 1118 1834 colligendi
1151 1751 1335 1836 gravamina

244 1863 276 1918 et
291 1871 425 1928 causas3
443 1864 475 1918 et
492 1861 565 1935 post
581 1854 640 1918 hec
657 1853 849 1927 faciendum,
867 1852 952 1933 quod
969 1851 1104 1916 rationis
1119 1855 1191 1914 erit.
1330 1920 1333 1932 Δ

287 1953 324 2016 Εῑ
341 1953 379 2016 ad
396 1953 612 2034 colligendum
639 1953 697 2015 lras
714 1966 829 2016 causas
852 1962 882 2016 et
899 1951 1083 2032 gravamina
1109 1949 1231 2014 domini
1246 1965 1334 2013 com-

245 2050 374 2114 mittunt
396 2051 532 2128 decano,
558 2059 592 2114 ut
617 2059 761 2115 assumat
784 2049 935 2115 dominos
958 2057 1157 2128 receptorem
1184 2048 1234 2126 pl),
1261 2063 1337 2128 syn-

245 2149 363 2223 dicum,
379 2149 559 2231 Principem
573 2149 610 2228 (Ξ)
624 2158 655 2215 et
667 2149 846 2224 Bellenum,
860 2149 1027 2230 utriusque
1035 2148 1119 2229 iuris
1134 2146 1335 2224 licentiatos;

245 2257 274 2314 et
292 2248 420 2313 interim
447 2249 590 2330 cogitare
607 2247 735 2312 habebit
756 2247 842 2312 idem
859 2248 1000 2312 decanus
1022 2263 1095 2310 cum
1111 2247 1283 2327 deputatis,
1302 2253 1337 2310 ut

244 2347 443 2427 concipiatur
466 2348 549 2411 bona
566 2347 667 2410 forma
690 2346 931 2411 reformationis
946 2345 1126 2410 studiorum
1149 2345 1334 2426 grammati-

243 2445 358 2509 calium
382 2444 413 2506 in
431 2445 633 2525 pedagogils;
658 2453 690 2509 et
713 2445 744 2507 in
770 2444 842 2508 aliis
866 2444 986 2508 similis
1008 2443 1062 2508 liet
1081 2443 1276 2508 reformatio.
1294 2443 1335 2510 ct

242 2543 421 2625 injunctum
437 2550 486 2607 est
508 2543 705 2622 regentibus,
724 2551 758 2606 ut
774 2542 893 2622 singuli
910 2543 941 2606 in
958 2542 1027 2606 suis
1052 2541 1238 2623 pedagogiis
1253 2558 1334 2606 con·

240 2643 361 2723 cipiant
386 2643 502 2706 bonam
529 2643 663 2706 formam
685 2641 922 2706 reformationis
945 2641 1126 2706 studiorum
1149 2651 1180 2705 et
1205 2657 1332 2704 morum

241 2741 502 2822 pedagogalium;
527 2751 558 2806 et
580 2747 692 2821 postea
715 2740 856 2804 referant
877 2741 917 2804 ad
940 2741 1108 2804 decanum.
1133 2741 1223 2813 Acri,
1246 2738 1326 2816 vill,

243 2839 298 2904 fol.
316 2840 355 2903 87
372 2847 412 2902 r0.

287 2995 302 3030 u
321 2973 379 3034 Dte
387 2971 479 3051 jonis.
496 2972 570 3050 ων]
585 2969 697 3032 coenses
707 2969 849 3048 putruerit
872 2967 1097 3043 tracturiae
1120 2966 1179 3032 fuit
1195 2984 1331 3050 congre-

241 3069 327 3152 gatio
340 3070 500 3133 facultatis
514 3069 552 3132 ad
569 3068 680 3132 horam
693 3077 838 3132 octavam
856 3067 895 3132 de
912 3084 1004 3132 mane
1018 3067 1050 3130 in
1067 3066 1188 3131 scholis
1201 3067 1329 3132 artium.

311 3168 485 3248 Proposuit
506 3168 658 3232 dominus
682 3167 837 3242 decanus,
862 3166 936 3247 quia
959 3165 1159 3230 existimaret
1181 3166 1331 3232 dominos

241 3269 416 3350 plerosque
432 3284 506 3332 esse
522 3268 713 3331 informatos
730 3283 829 3345 super
847 3266 976 3347 negotio
991 3267 1147 3330 hactenus
1165 3267 1332 3348 proposito

242 3385 300 3448 per
317 3369 504 3449 magistrum
522 3367 730 3431 Frarroiscum
747 3366 928 3431 Nieuwlant
951 3383 1048 3447 super
1064 3382 1144 3431 nova
1168 3367 1332 3432 erectione

242 3465 354 3532 schole
367 3467 455 3546 Juxta
471 3476 615 3530 tenorem
633 3473 663 3530 et
680 3465 826 3542 formam,
842 3476 938 3545 prout
953 3465 1049 3530 latius
1065 3465 1148 3546 apud
1166 3466 1331 3530 dominum

241 3575 401 3632 rectorem
425 3575 456 3631 et
472 3567 643 3646 deputatos
665 3565 894 3630 Universitatis
910 3567 1095 3646 explicavit3
1123 3565 1250 3629 etidem
1272 3563 1329 3628 do·

240 3666 347 3730 minus
364 3675 470 3729 rector
486 3676 517 3731 et
533 3664 675 3746 deputati
694 3666 733 3728 ad
752 3674 895 3728 nostram
917 3665 1098 3728 facultatem
1122 3664 1328 3741 remiserunt,

235 3763 406 3845 eidemque
429 3765 568 3829 facultati
593 3763 766 3828 terminum
792 3764 1043 3845 peremptorium
1070 3764 1181 3827 decern
1206 3762 1330 3825 dierum

239 3863 486 3944 assignaverant
515 3864 553 3928 ad
581 3862 790 3944 proponenda
817 3863 1000 3944 gravamina
1029 3869 1061 3926 el
1088 3860 1274 3941 preJudicia,
1304 3858 1331 3923 si

256 4124 267 4140 „
277 4061 316 4134 (l)
335 4063 405 4117 dean
421 4062 559 4126 Valerius,
575 4061 779 4127 d’Audenerde,
793 4062 867 4117 avait
880 4060 923 4117 dte
936 4060 982 4116 eiu
997 4076 1130 4116 receveur
1141 4061 1175 4113 de
1190 4061 1218 4113 le
1230 4057 1332 4113 faculte

238 4153 287 4207 des
300 4161 358 4208 aris
372 4156 398 4209 le
412 4154 448 4210 23
459 4153 523 4224 juin
543 4153 623 4212 1558.

244 4239 248 4244 ’
274 4243 312 4316 (2)
331 4242 481 4313 Princeps,
496 4247 615 4302 loannes
631 4249 670 4302 De
684 4245 793 4309 Prince,
805 4243 878 4314 juris
893 4242 1037 4313 utriusque
1050 4241 1219 4297 licentiatus.
