3130 4956
712 363 898 481 knut-'-

272 591 357 668 burtl,
369 613 445 679 pune
464 596 501 660 ub
527 614 635 661 causus
650 600 813 678 repentium
830 599 904 663 tittt
915 607 985 678 pust
1000 598 1153 662 biennium
1167 597 1343 679 relinquere

273 703 393 759 conetur
412 696 502 778 [uerit
515 697 744 778 Anpt'portunus
766 703 793 761 et
810 697 957 780 quomodo
974 697 1006 760 t'n
1021 699 1085 776 rius
1100 695 1198 760 locum
1213 696 1347 778 fornitus

272 793 461 860 substituerit
479 795 697 860 Tbeotloricum
713 797 850 879 Mordent,
871 798 1098 862 bononiensem.

199 1018 202 1026 ⁴
316 991 372 1058 ute
386 996 478 1076 jonis,
499 1003 587 1060 rectu
609 996 776 1062 novenbris
790 997 882 1072 test,
910 996 1027 1062 indicta
1054 995 1110 1060 luit
1135 994 1297 1076 deputatio
1314 993 1346 1058 in

272 1090 370 1156 rubea
396 1110 520 1158 camera
546 1096 660 1160 domus
681 1095 849 1172 tenuitatis,
873 1095 1057 1161 convocatis
1079 1093 1238 1174 deputatis
1262 1092 1348 1186 ordi3

273 1190 371 1254 trariis
399 1201 430 1257 et
455 1193 636 1258 acutioribus
659 1193 690 1257 in
713 1195 832 1278 majore
853 1212 997 1271 numero,
1015 1197 1052 1260 ad
1069 1195 1259 1260 audiendum
1284 1194 1347 1275 leg¹

273 1291 537 1369 supplicationem
566 1293 788 1371 magistrorum
819 1295 959 1360 omnium
988 1297 1103 1360 doinus
1131 1293 1347 1376 pedagogialis

275 1389 355 1464 Lilii,
373 1390 426 1470 qui
448 1391 543 1470 longo
565 1391 644 1456 satis
667 1393 789 1474 scripto
811 1393 961 1458 miserum
981 1403 1096 1458 statum
1114 1410 1170 1458 sue
1186 1393 1300 1456 domus
1315 1402 1347 1457 et

275 1489 448 1568 periculum
462 1491 640 1556 eversionis
654 1491 901 1560 itotiushonoris
915 1493 1031 1557 domus
1046 1492 1255 1564 declarantes,
1265 1491 1345 1572 peti-

274 1598 384 1652 verant
399 1589 526 1664 obnixe,
551 1599 584 1654 ut
605 1590 725 1656 domini
745 1590 951 1672 dignarentur
967 1592 1040 1656 ituic
1059 1590 1178 1666 domui,
1202 1607 1294 1672 uuam
1313 1591 1345 1653 iu

275 1687 402 1752 tutelam
429 1698 616 1784 stltsceprrat
640 1689 786 1766 incultas,
811 1691 997 1772 tempestive
1020 1691 1215 1772 prospicere,
1244 1689 1348 1770 prius·

274 1803 367 1866 quam
384 1797 523 1853 extrema
541 1789 718 1855 necessitas
733 1799 878 1871 cogerem
889 1789 1087 1870 juventutem
1102 1789 1180 1852 sutis
1193 1787 1256 1870 jam
1273 1804 1348 1854 esse

275 1901 490 1957 numerosam.
508 1887 563 1952 sed
590 1906 627 1954 se
653 1898 807 1964 metuere,
826 1907 864 1953 ne
886 1887 938 1950 illa
965 1888 1133 1962 dilabatur,
1157 1887 1217 1951 uisi
1240 1885 1346 1950 statim

274 1983 382 2049 domui
408 1986 448 2052 de
472 1986 534 2053 aliu
560 1995 690 2068 regente
716 1987 930 2070 provideatur,
960 1987 1009 2051 vel
1036 1987 1191 2052 moderno
1225 1984 1348 2064 regenti

275 2099 389 2164 magno
406 2094 527 2162 mutuo,
543 2087 691 2152 videlicet
706 2087 791 2152 mille
806 2085 1071 2159 florenorumvel
1087 2085 1196 2167 majori
1212 2101 1348 2160 summa,

276 2201 332 2263 per
346 2183 524 2252 facultatem
539 2188 757 2254 subveniatur.
766 2187 859 2253 Lecta
873 2188 931 2253 hac
943 2187 1175 2269 supplicatione
1186 2196 1217 2252 et
1231 2185 1348 2251 auditis

275 2285 420 2366 pluribus
435 2287 506 2352 aliis
520 2287 625 2354 adhuc
639 2288 780 2370 querelis
794 2288 907 2353 eodem
923 2285 1153 2368 spectantibus,
1171 2285 1273 2350 visum
1290 2285 1350 2350 luit

275 2383 426 2460 dominis,
452 2387 537 2468 quod
561 2386 712 2452 dominus
742 2403 857 2468 regens
883 2385 1056 2450 modernus
1081 2384 1141 2450 sub
1166 2383 1349 2466 juramento

275 2493 444 2550 uocaretur
472 2495 504 2550 et
529 2501 637 2550 coram
662 2485 836 2560 audiretur,
864 2483 939 2566 quid
965 2484 1003 2548 ad
1030 2485 1088 2548 has
1113 2482 1261 2565 querelas
1287 2481 1350 2546 sibi

275 2583 535 2664 respondendum
547 2591 685 2666 putaret.
701 2583 756 2648 Bis
772 2584 876 2666 itaque
885 2583 977 2665 jussu
993 2582 1105 2648 decani
1122 2598 1177 2662 per
1189 2581 1351 2647 bedelium

277 2682 337 2747 sub
359 2681 539 2764 juramento
569 2693 600 2748 et
626 2683 838 2764 peremptorie
866 2689 1007 2757 vocatus,
1038 2680 1197 2746 recusavit
1225 2680 1350 2746 venire.

277 2783 385 2864 ltaque
401 2783 623 2864 magistrorum
637 2782 719 2848 dicta
735 2781 966 2865 supplicatione
982 2791 1014 2846 et
1029 2781 1169 2862 regentis
1185 2796 1248 2846 non
1264 2797 1352 2845 cum·

277 2883 417 2964 parentis
433 2883 592 2963 protervia
608 2883 639 2945 in
662 2881 923 2948 deliberationem
945 2880 1145 2945 dominorum
1161 2878 1349 2960 propositis,

276 3000 316 3049 ex
344 2979 500 3048 conformi
528 2982 669 3047 omnium
704 2981 905 3045 dominorum
935 2979 1163 3046 deliberatione
1191 2979 1353 3045 conclusit

276 3082 425 3147 domiuus
446 3080 588 3146 decanus
611 3080 771 3162 negotium
795 3088 894 3145 tutum
918 3077 956 3142 ad
980 3078 1159 3143 facultatem
1181 3077 1241 3142 sub
1260 3076 1351 3159 jura·

278 3189 385 3247 mento
400 3186 542 3246 vocatam
569 3196 643 3245 esse
668 3178 870 3244 referendum
895 3188 927 3241 et
953 3177 1085 3242 ulterius
1111 3175 1350 3259 procedendum

277 3281 316 3344 ad
339 3280 442 3362 ipsius
464 3278 603 3361 regentis
626 3277 857 3359 depositionem
879 3285 909 3342 et
928 3275 1059 3342 alterius
1080 3275 1350 3358 surrogationem.

278 3383 367 3458 dart,
384 3379 464 3454 Vlii,
481 3379 536 3444 lul.
552 3377 611 3442 aab
627 3386 656 3441 r⁰
670 3387 702 3444 et
717 3389 759 3443 tr‘.

320 3579 436 3644 Eudnn
457 3578 506 3641 dic
528 3576 558 3655 (6
579 3573 745 3641 novembris
768 3573 871 3652 ibli'i).
896 3583 967 3656 post
990 3572 1154 3655 prandium
1178 3572 1216 3636 ad
1238 3573 1352 3638 horam

280 3676 417 3751 tertiam,
434 3675 551 3739 indicta
571 3674 629 3739 init
650 3674 854 3755 cottgregatio
880 3673 975 3738 totius
998 3672 1154 3737 facultatis
1175 3669 1353 3736 extraordi-

281 3774 380 3848 naria.
404 3773 464 3840 suh
479 3773 672 3856 juramento,
694 3772 725 3835 iu
748 3772 868 3837 scholis
889 3772 1002 3837 artium
1024 3787 1121 3851 super
1142 3769 1352 3852 sequentibus

281 3872 442 3948 articulis;
459 3889 594 3953 quorum
611 3871 732 3954 primus
748 3878 796 3935 est
814 3889 822 3934 :
838 3872 885 3934 An
903 3871 1024 3952 placeat
1042 3869 1204 3934 domiuum
1227 3870 1355 3935 moder·

281 3989 357 4037 num
380 3981 540 4052 regentem
557 3970 626 4036 Lilii
644 3971 674 4033 in
690 3969 964 4035 administratione
979 3985 1038 4034 sue
1055 3969 1196 4050 regentie
1218 3968 1355 4034 ulterius

282 4080 312 4136 et
329 4070 448 4135 diutius
464 4071 661 4145 continuare,
678 4084 717 4132 an
734 4068 837 4149 ipsum
853 4068 956 4133 statim
973 4077 1004 4135 et
1016 4067 1079 4150 iam
1096 4083 1113 4132 a
1131 4083 1188 4132 sua
1203 4065 1355 4134 adminis-

282 4169 420 4237 tratione
435 4179 466 4236 et
481 4169 622 4254 tegeritis
638 4168 849 4234 amoveretis!
864 4167 1035 4249 deponere.
1052 4165 1219 4232 &nundus
1233 4181 1240 4229 :
1255 4164 1352 4240 Casu.
