3032 4952
739 471 882 534 -6-.

279 670 291 706 l
309 663 382 712 crae
398 647 530 729 paginae
545 649 720 729 professor,
734 649 873 716 decanus
888 649 1126 714 christianitatis
1142 664 1179 713 ac
1194 649 1346 727 plebanus

276 768 289 806 u
307 745 461 811 ecclesiae
482 747 584 811 sancti
611 747 693 812 Petri
719 747 859 823 Lovanii,
884 748 1011 814 nomine
1026 755 1056 812 et
1071 746 1108 810 ad
1123 763 1204 827 opus
1219 747 1345 828 collegii

274 867 293 903 s
308 843 491 910 scholastici
507 845 539 908 in
555 845 702 911 facultate
718 847 833 911 artium
849 847 944 912 studii
959 845 1175 921 Lovaniensis,
1189 845 1219 908 in
1235 846 1344 911 eadem

274 968 287 995 a
308 937 473 1010 mansione
486 961 543 1025 per
554 945 712 1024 quondam
726 944 1170 1026 magistrumGodefridumde
1181 943 1344 1023 Gompcle,

273 1043 435 1106 »fratrem
458 1043 691 1123 praedictorum
718 1043 858 1118 fratrum,
887 1043 1007 1108 fundati
1033 1052 1065 1107 et
1085 1043 1233 1107 ordinati.
1251 1042 1345 1108 Prae-

276 1161 289 1200 1
307 1140 450 1206 sentibus
463 1141 568 1222 vynclt
584 1149 614 1206 et
629 1141 819 1221 Nausnyde;
836 1141 1026 1223 septembris
1042 1141 1093 1205 die
1108 1149 1207 1206 sexta.
1226 1164 1239 1199 u
1256 1141 1346 1206 Libet·

273 1241 348 1302 utrot'
364 1239 452 1302 1456.

314 1417 515 1484 institutores
531 1435 587 1482 seu
605 1419 787 1498 provisores
802 1419 986 1500 paedagogii
1005 1419 1099 1499 huius
1115 1419 1153 1482 ab
1170 1419 1345 1483 executori-

273 1519 333 1583 bus
349 1517 527 1582 testamenti
544 1517 719 1582 fuudatoris
742 1517 894 1582 nominati
917 1517 1005 1582 fuere
1021 1517 1173 1596 plebanus
1188 1516 1344 1582 ecclesiae

272 1616 374 1681 sancti
395 1615 479 1678 Petri
500 1615 641 1690 Lovanii,
666 1616 806 1680 decanus
830 1615 987 1680 facultatis
1009 1615 1135 1688 artium,
1152 1622 1183 1678 et
1206 1631 1287 1679 unus
1305 1615 1345 1680 de

272 1713 426 1794 sanguine
453 1713 639 1788 fundatoris,
663 1714 835 1779 dummodo
861 1715 932 1778 talis
958 1714 990 1776 in
1018 1713 1226 1776 Universitatc
1250 1713 1343 1778 Loua-

272 1811 375 1876 niensi
391 1822 607 1876 commoretur
623 1822 654 1876 ut
669 1812 711 1876 sit
732 1813 847 1876 artium
870 1813 1029 1894 magister,
1048 1811 1097 1875 uel
1114 1810 1277 1884 sacerdos,
1294 1811 1342 1876 vel

272 1910 303 1972 in
320 1911 423 1991 aliqua
440 1910 640 1992 superiorum
657 1911 838 1977 facultatum
853 1911 1036 1992 graduatns.

314 2103 381 2169 Hoc
397 2105 623 2186 paedagogium
647 2115 697 2170 est
720 2105 751 2167 in
776 2121 859 2170 anno
883 2105 961 2168 1158
979 2103 1142 2170 fundatum
1157 2121 1214 2184 per
1229 2105 1344 2186 magis-

273 2211 356 2268 trum
373 2202 577 2267 Godefridum
603 2205 644 2268 de
669 2201 832 2282 Gompele,
848 2203 982 2283 primum
1006 2201 1147 2283 eiusdem
1170 2210 1344 2282 regentem,

272 2301 326 2384 qui
342 2319 399 2368 sua
415 2302 559 2367 aedilicia
571 2303 700 2368 Lovanii
713 2303 773 2367 sita
789 2303 870 2384 apud
887 2302 1070 2366 interiorem
1086 2307 1207 2382 portam
1222 2300 1344 2380 plateae

171 2389 175 2400 '
272 2401 372 2464 Castri
398 2402 442 2464 illi
470 2403 654 2484 assignavit,
681 2401 841 2483 gravando
865 2400 1008 2481 ejusdem
1027 2415 1233 2464 successores
1249 2399 1280 2462 in
1296 2409 1346 2464 re-

268 2501 375 2582 gentia
387 2501 426 2565 ad
440 2501 694 2566 intertenendum
708 2510 772 2565 tres
784 2499 958 2564 bursarios.
975 2499 1030 2562 Cui
1046 2498 1181 2579 collegio
1197 2497 1346 2578 paulatim

270 2599 302 2661 in
329 2615 482 2664 successu
510 2601 674 2679 temporis,
702 2615 740 2662 ex
762 2597 896 2662 aliorum
920 2596 1096 2678 regentium
1126 2595 1347 2678 bonorumque

270 2697 409 2761 virorum
426 2698 676 2774 fundationibus,
691 2705 895 2762 accesserunt
909 2695 1036 2761 circiter
1051 2696 1257 2776 quadraginta
1272 2695 1347 2760 bur-

269 2812 336 2868 sae,
365 2797 420 2861 sed
448 2807 604 2876 proventu
631 2807 663 2862 et
688 2797 790 2862 reditu
818 2795 1011 2876 inaequales,
1040 2795 1194 2876 quaedam
1221 2793 1344 2875 viginti,

268 2895 421 2974 quaedam
439 2895 575 2974 plurium
592 2895 786 2960 florenorum
804 2893 957 2972 usquead
974 2893 1267 2973 trigintaquinque.

310 2991 376 3056 lloc
392 2995 618 3076 paedagogium
640 2993 706 3074 regi
722 2992 803 3056 solet
819 2990 961 3070 periculo
977 3001 1008 3056 ct
1023 2990 1224 3054 incommodo
1241 2991 1343 3070 ipsius

269 3108 326 3170 pro
343 3101 484 3172 tempore
508 3093 659 3174 regentis,
678 3092 737 3156 sub
760 3106 857 3154 onere
882 3089 1051 3155 exhibendi
1074 3090 1106 3152 in
1133 3105 1171 3153 co
1197 3089 1342 3154 fundatas

268 3189 394 3254 bursas.
411 3193 547 3265 Quarum
572 3191 738 3255 bursarum
757 3186 919 3266 possessio
936 3188 1014 3252 satis
1031 3187 1121 3267 plena
1138 3186 1195 3251 fuit
1210 3187 1240 3250 in
1258 3203 1341 3251 auno

267 3289 503 3370 septuagesimo
524 3299 636 3354 octavo
656 3289 766 3368 (lb'l8l,
790 3296 1003 3370 quopropter
1031 3301 1128 3362 saepe
1151 3283 1214 3364 Jaur
1238 3284 1340 3349 dictas

266 3388 528 3464 supervenientes
544 3403 657 3452 causas
679 3389 740 3452 hoc
757 3387 983 3470 paedagogium
999 3383 1128 3448 omnino
1146 3382 1337 3448 dissolutum

268 3483 558 3560 luit,diflluentibus
574 3485 721 3550 omnibus
734 3485 934 3550 scholaribus
950 3493 980 3548 et
991 3481 1157 3554 burseriis,
1169 3481 1339 3546 recedente

266 3583 359 3646 etiam
376 3583 461 3648 illius
479 3593 552 3648 tunc
569 3602 626 3665 pro
638 3593 779 3664 tempore
794 3593 923 3666 regente
939 3581 1090 3664 magistro
1105 3579 1223 3644 Thoma
1239 3579 1337 3659 Bruy·

267 3679 362 3743 nincx
378 3691 507 3762 propter
521 3680 752 3746 intolerabilem
769 3682 902 3746 militum
919 3679 1163 3762 hospitationem
1185 3687 1216 3742 et
1230 3677 1337 3742 defec-

266 3785 331 3840 tum
355 3779 524 3844 solutionis
551 3778 706 3842 redituum
733 3779 901 3844 bursarum
923 3779 953 3841 in
973 3794 1011 3842 co
1034 3777 1244 3840 fundatarum.
1268 3775 1336 3850 Quo

264 3875 457 3952 factumest,
475 3877 558 3960 quod
581 3877 699 3942 dictum
723 3878 949 3960 paedagogium
976 3875 1113 3956 pessime
1140 3873 1280 3938 habitum
1306 3884 1337 3939 et

265 3983 431 4040 tractatum
459 3978 563 4052 fuerit,
591 3985 621 4041 et
647 3977 688 4040 ita
713 3977 840 4057 quidem
868 3985 900 4040 ut
922 3975 954 4037 in
977 3973 1135 4055 praesenti
1151 3989 1208 4052 pro
1224 3989 1336 4052 magna

265 4083 354 4154 parte
370 4075 411 4138 sit
426 4075 629 4140 inhabitabile
651 4083 681 4140 et
697 4075 840 4139 maximis
856 4075 950 4139 etiam
970 4072 1148 4152 sumptibus
1169 4071 1257 4135 refici
1274 4088 1335 4135 nou

265 4173 379 4250 possit,
411 4173 545 4253 ideoque
571 4173 602 4236 in
630 4175 789 4253 praesenti
819 4190 875 4254 pro
901 4171 955 4237 illo
981 4169 1114 4236 inveniri
1142 4186 1205 4234 non
1233 4171 1335 4250 possit
