3236 4952
725 446 911 511 -182-

279 629 370 705 llll,
388 629 492 711 pridie
515 629 669 694 kalendas
685 629 823 710 augusti,
837 627 942 694 eidem
957 627 1160 708 incorporata
1183 629 1271 696 luere
1293 631 1362 699 sive

274 729 394 810 recepti
410 729 450 793 ad
470 728 627 810 gremium
644 727 881 803 Universitatis,
899 727 938 790 ad
956 726 1058 790 instar
1076 726 1210 792 aliarum
1227 730 1361 797 Univer-

273 827 401 893 sitatum
418 827 624 904 Parisiensis,
640 827 854 902 coloniensis,
872 834 948 900 etc..
966 835 1145 890 conventus
1162 827 1257 892 trium
1273 829 1361 895 ordi-

273 943 349 993 num
379 926 646 1001 mendicantium,
677 925 972 1000 bominicauorum,
1010 923 1300 993 Franciscauorum
1329 939 1360 996 et

271 1025 588 1108 Augustinianorum,
626 1025 817 1108 interposita
854 1023 991 1090 solemni
1030 1023 1238 1105 stipulatione
1278 1027 1360 1094 inter

271 1135 431 1190 rectorem
454 1141 513 1205 pro
535 1135 680 1206 tempore
702 1133 734 1190 et
756 1123 945 1206 superiores
961 1123 1106 1204 ipsorum
1128 1133 1357 1204 conventuum,

272 1224 332 1290 sub
348 1224 445 1289 certis
461 1223 566 1290 modis
582 1232 613 1289 et
629 1223 871 1289 conditionibus
890 1240 897 1286 :

315 1323 339 1387 l.
364 1321 454 1395 Quod
478 1323 620 1404 religiosi
647 1340 761 1389 omnes
783 1333 815 1388 et
841 1321 960 1403 singuli
985 1320 1164 1402 respective
1191 1330 1361 1389 teneantur

272 1421 416 1503 profiteri
431 1439 547 1488 nomeu
559 1439 652 1486 suurn
669 1423 700 1485 in
719 1419 883 1486 matricula
894 1419 1132 1496 Universitatis,
1147 1429 1179 1486 et
1194 1432 1358 1502 praestare

269 1520 450 1604 jnramenta
466 1521 506 1586 ad
522 1521 585 1586 boc
600 1521 755 1603 praestari
774 1520 881 1586 solita.

313 1620 352 1685 ll.
377 1619 468 1696 Quod
492 1637 530 1685 cx
552 1619 695 1702 quolibet
710 1619 852 1685 claustro
876 1635 934 1685 scu
952 1617 1148 1684 monasterio
1164 1618 1358 1700 deputentur

272 1717 348 1797 duo,
365 1719 415 1784 vel
437 1719 551 1784 saltem
575 1735 669 1793 unus,
686 1718 740 1800 qui
763 1717 871 1784 visitet
892 1716 1045 1782 continuo
1060 1716 1218 1783 lectiones
1240 1718 1354 1801 magis·

272 1827 394 1884 trorum
425 1817 457 1881 in
488 1817 637 1883 facultate
674 1833 787 1882 sacrae
815 1816 997 1898 theologiae
1033 1818 1211 1882 secundum
1242 1826 1360 1885 statuta

271 1917 508 1982 Universitatis.
525 1916 594 1992 Quo
618 1916 790 1992 mediante,
808 1933 921 1981 omnes
943 1916 985 1981 de
1007 1916 1149 1981 claustro
1167 1926 1360 1983 censeantur

272 2023 423 2096 tanquam
445 2014 613 2080 studentes
635 2024 668 2079 et
686 2014 866 2095 supposita,
883 2015 1106 2096 gaudeantque
1130 2015 1307 2098 privilegiis
1329 2023 1360 2082 et

271 2111 474 2179 libertatibus
489 2112 727 2178 Universitatis.

314 2211 369 2276 lll.
393 2211 484 2286 Quod
502 2211 595 2276 statis
618 2219 649 2276 et
664 2211 865 2276 solemnibus
887 2211 991 2276 sacris
1007 2228 1065 2277 seu
1090 2211 1200 2277 missis
1214 2227 1358 2278 commu·

275 2310 371 2376 nibus
394 2327 452 2392 per
473 2309 720 2376 Universitatem
743 2309 946 2376 celebrandis
968 2309 1119 2376 intersint
1142 2327 1271 2393 semper
1293 2311 1358 2378 duo

273 2409 416 2491 religiosi
433 2427 471 2474 ex
487 2407 631 2491 quolibet
647 2409 799 2473 claustro.

314 2507 365 2571 lv.
390 2507 480 2584 Quod
513 2507 545 2572 in
579 2523 700 2583 casum,
730 2524 794 2589 quo
823 2505 1024 2572 Universitas
1059 2524 1119 2588 pro
1155 2507 1357 2586 defensione,

274 2605 492 2688 ampliatione,
510 2605 756 2672 conservatione
778 2621 910 2670 suorum
933 2603 1186 2688 privilegiorum,
1203 2615 1256 2672 aut
1279 2606 1358 2672 alias

275 2723 334 2788 pro
349 2705 486 2771 evidenti
507 2705 652 2780 utilitate,
669 2705 830 2770 ordinabit
851 2705 982 2770 bursam
1004 2721 1062 2770 seu
1078 2705 1246 2773 collectam
1268 2723 1357 2772 com-

209 2801 210 2806 ’
273 2819 414 2882 munem,
432 2814 598 2870 teneantur
620 2805 747 2884 singula
769 2804 908 2869 claustra
924 2803 1049 2869 solvere
1071 2803 1152 2868 duas
1179 2803 1307 2882 bursas,
1324 2803 1356 2869 id

273 2911 323 2970 cst
339 2911 461 2968 tantum
476 2913 629 2985 quantum
643 2903 707 2968 duo
723 2919 762 2969 ex
777 2901 953 2984 suppositis
969 2918 1034 2966 non
1056 2902 1219 2984 religiosis
1235 2903 1359 2970 mediae

277 3001 473 3067 conditionis
489 3019 546 3068 seu
563 3010 664 3067 status
681 3001 821 3082 pendere
836 3001 953 3067 solent.

314 3098 351 3163 V.
375 3099 466 3176 Quod
483 3099 682 3166 Universitas
697 3100 844 3166 ordinem
860 3117 916 3164 seu
933 3109 1126 3165 conventum
1142 3099 1190 3166 sic
1205 3100 1357 3183 incorpo-

274 3206 377 3263 ratum
393 3199 425 3262 in
447 3198 555 3268 causis
577 3198 724 3266 civilibus
746 3207 778 3264 et
801 3198 1024 3279 personalibus
1046 3199 1123 3264 velit
1143 3209 1175 3264 et
1196 3199 1357 3281 obligetur

273 3297 357 3363 tueri
379 3313 416 3362 ac
437 3298 620 3374 defendere,
638 3299 743 3380 deque
765 3298 879 3364 iisdem
903 3314 1112 3381 cognoscere,
1137 3299 1280 3381 exceptis
1302 3297 1354 3376 iis,

272 3413 354 3479 quae
369 3397 409 3462 ad
424 3398 570 3464 ordinem
588 3398 620 3462 iu
636 3415 672 3464 se
688 3407 846 3479 spectant.

313 3496 417 3577 Atque
431 3496 491 3563 bae
507 3497 620 3578 primis
635 3497 700 3562 illis
715 3496 914 3577 temporibus
931 3496 1039 3577 leges;
1056 3494 1149 3572 aliae,
1162 3512 1236 3561 cum
1252 3495 1357 3578 exegit

276 3593 440 3676 publicum
456 3596 589 3670 bonum,
607 3606 682 3662 sunt
698 3596 792 3661 latae.

313 3789 394 3857 Sunt
412 3801 445 3858 et
466 3792 528 3858 alia
549 3791 779 3874 religiosorum
800 3790 998 3873 collegiata
1020 3790 1138 3872 quibus
1160 3790 1215 3872 qui
1237 3790 1359 3872 degunt

269 3897 368 3972 atquo
379 3892 520 3969 aluntur,
534 3891 679 3973 plerique
691 3907 802 3957 sacrae
818 3890 997 3972 theologiae
1011 3890 1088 3955 dant
1099 3905 1243 3971 operum,
1255 3889 1359 3972 publi-

271 4003 392 4071 casque
419 3989 653 4070 praelectiones
678 3989 850 4071 excipiunt,
877 3987 1150 4072 disputationibus
1175 3987 1359 4070 ceterisque

272 4087 436 4154 exercitiis
451 4089 622 4165 intersunt,
640 4088 806 4170 titulisque
820 4087 1013 4154 academicis
1025 4086 1286 4154 baccalaureatus
1301 4093 1358 4152 aut

273 4182 435 4262 licentiae,
452 4202 525 4252 cum
540 4185 764 4267 superioribus
779 4186 895 4263 visum,
912 4185 1141 4269 insigniuntur.
