3130 4956
796 463 979 537 -an-

346 652 432 721 lione
461 653 599 736 generali
618 652 787 732 ‚facultatis
819 653 932 719 artium
959 651 1032 718 anni
1060 651 1139 718 totto
1165 667 1183 719 e
1210 652 1312 720 Porco
1339 651 1427 728 27⁰¹,

347 771 456 820 saonae
471 741 651 836 theologiae
667 755 896 820 baccalaureus
919 755 1086 828 formatus,
1110 770 1193 818 anno
1218 753 1298 816 tetta
1315 755 1428 834 prima·

347 855 414 918 rius
430 854 606 936 logicorum
626 855 655 918 iu
675 855 754 920 Lilio
772 855 947 934 professor,
968 871 984 917 a
1002 854 1148 918 facultate
1163 853 1278 917 artium
1293 854 1430 916 assumi-

346 963 397 1017 tur
407 953 437 1015 in
448 960 607 1034 regentem
622 953 689 1016 Lilii
700 955 736 1017 lb
749 953 892 1019 octobris
906 953 997 1024 lbos.
1007 968 1179 1017 successor
1191 953 1286 1016 datus
1298 952 1428 1016 domino

292 1061 295 1069 ·
348 1051 522 1117 favillunio
551 1052 727 1118 dimissuro
759 1053 932 1136 regentiam
960 1069 1069 1118 mettsa
1098 1051 1257 1118 decembri
1285 1052 1430 1132 proxime

348 1151 506 1234 sequenti.

349 1333 528 1400 Contractus
535 1333 692 1414 facultatis
704 1335 815 1400 ortium
829 1353 895 1398 eum
906 1335 1048 1415 moqislro
1062 1331 1431 1416 Wattteroaiqtpntmu

388 1451 406 1498 a
423 1433 645 1499 Cotaworetnio
662 1452 754 1516 supet·
768 1436 900 1516 reqenlic
913 1435 1071 1516 pednqoqlt'
1087 1432 1171 1499 Lilii.

390 1582 515 1647 Domini
542 1583 757 1648 commissarii
783 1582 964 1648 uenerande
989 1581 1146 1646 facultatis
1168 1581 1295 1655 artium,
1312 1597 1430 1646 conve·

347 1681 472 1746 uiantes
489 1683 520 1744 in
538 1682 634 1746 rubea
650 1699 774 1747 camera
796 1682 911 1747 domus
927 1682 1010 1746 dicte
1026 1680 1196 1756 facultatis,
1214 1679 1265 1746 dic
1282 1680 1363 1760 xxij·
1378 1695 1431 1744 oc·

347 1781 447 1846 tobris
472 1797 556 1845 anno
584 1800 636 1865 nv,
661 1782 724 1858 lxv,
749 1782 833 1846 circu
860 1783 971 1845 boram
994 1789 1137 1846 octavam
1163 1779 1203 1844 de
1227 1795 1329 1854 mane,
1359 1796 1431 1844 oum

346 1879 501 1960 magistro
528 1879 690 1944 Waltbero
715 1879 954 1960 Angiportano,
986 1887 1213 1943 contraxerunt
1248 1894 1306 1942 seu
1342 1877 1431 1960 leges

347 1978 499 2059 quasdam
517 1987 734 2060 conceperunt
750 1995 788 2043 ex
800 1987 889 2060 parte
903 1977 987 2043 dicte
999 1976 1157 2042 facultatis
1173 1993 1270 2058 super
1286 1979 1430 2058 regentia

348 2076 429 2151 billi,
440 2076 479 2140 ad
496 2092 589 2158 quam
603 2087 670 2142 erat
683 2075 1051 2158 luxtasupplicationem
1067 2091 1157 2140 suam
1175 2075 1225 2143 die
1242 2093 1295 2152 aa,
1310 2077 1432 2141 mensis

346 2176 482 2259 predicti
499 2192 515 2240 a
532 2176 679 2242 facultate
696 2171 913 2252 admissus,in
930 2193 1013 2251 eum,
1031 2175 1086 2258 qui
1101 2174 1255 2256 sequitur,
1274 2174 1404 2240 modum
1422 2194 1429 2240 :

393 2356 428 2420 ln
455 2356 580 2438 primis,
607 2357 692 2438 quod
718 2355 822 2422 dictus
850 2355 1001 2438 magister
1022 2355 1204 2421 Waltberus
1231 2354 1391 2436 suscipiat
1415 2372 1431 2419 a
1538 2373 1539 2376 ¹

355 2456 504 2521 facultate
531 2456 706 2538 regentium
730 2455 804 2521 dicti
832 2455 1012 2536 pedagogii,
1036 2455 1186 2536 illamque
1204 2455 1291 2538 juxta
1314 2465 1433 2520 statuta

354 2557 439 2622 dicte
455 2555 613 2620 facultatis
637 2572 697 2620 suo
719 2553 849 2637 proprio
873 2555 962 2619 lucro
981 2571 1018 2619 ac
1038 2571 1137 2620 onere
1152 2554 1390 2619 administrabit
1405 2563 1435 2618 et

354 2655 503 2719 familiam
532 2655 564 2718 in
591 2655 677 2720 dicto
704 2653 883 2736 pedagogio
910 2653 1029 2719 fovebit
1058 2669 1148 2718 moro
1176 2653 1251 2718 boni
1279 2653 1433 2734 regentis,

354 2754 477 2836 sibique
494 2754 631 2836 propriis
655 2754 811 2834 imoensis
834 2752 873 2817 de
894 2752 1087 2818 necessariis
1104 2753 1133 2816 in
1151 2768 1188 2818 ea
1204 2752 1299 2817 domo
1315 2753 1435 2818 docen-
1537 2801 1538 2826 ,

353 2854 437 2918 tibus
453 2853 600 2919 videlicet
626 2861 657 2919 at
680 2852 890 2918 ustensilibus
914 2851 1095 2934 providebit
1117 2851 1238 2933 absque
1263 2851 1433 2924 facultatis,

353 2951 571 3016 bursariorum
588 2966 624 3016 ac
640 2951 877 3032 magistrorum,
896 2960 1025 3031 sumptu
1041 2960 1095 3015 aot
1109 2967 1219 3016 onere.

395 3051 552 3124 preterea,
583 3049 667 3131 quod
697 3050 801 3115 dictus
833 3050 984 3132 magister
1014 3050 1199 3115 Waltberus
1228 3057 1302 3114 octo
1330 3065 1434 3114 anuos

353 3151 569 3226 continuos,a
592 3151 644 3215 die
666 3166 724 3215 suo
746 3149 1034 3214 administrationis
1057 3167 1114 3214 seu
1137 3148 1358 3226 admissionis,
1380 3147 1432 3230 qui

353 3249 410 3314 luit
425 3259 478 3313 xv·
493 3249 586 3330 bujus
610 3249 740 3323 mensis,
766 3265 850 3314 anno
867 3249 1089 3330 suprascripto
1105 3248 1317 3328 incipiendos,
1336 3249 1432 3313 modo

354 3349 496 3429 predicto
512 3348 682 3430 regentiam
700 3347 947 3424 administrabit,
960 3347 991 3410 in
1005 3365 1104 3429 eaque
1117 3347 1212 3413 domo
1224 3347 1432 3421 continuabit,

353 3447 442 3511 salvo
459 3453 562 3511 tamen
578 3449 662 3526 quod
686 3447 717 3510 iu
734 3457 847 3528 quarto
872 3463 956 3512 anno
980 3447 1115 3512 liberum
1141 3447 1200 3512 erit
1215 3456 1277 3510 tam
1295 3445 1435 3511 facultati

354 3561 447 3626 quarn
460 3545 545 3610 dicto
561 3545 723 3610 Waltbcro
740 3546 815 3610 bulo
831 3545 1008 3610 contractui
1028 3561 1065 3609 ac
1081 3545 1223 3627 regenale
1239 3545 1433 3620 renuntiare,

353 3644 392 3708 ab
413 3660 514 3724 eoque
536 3645 698 3719 recedere,
724 3645 781 3708 bac
801 3651 904 3708 tamen
928 3644 1010 3725 lege,
1032 3643 1116 3724 qood
1141 3644 1210 3724 ipsa
1233 3643 1367 3709 facultas
1383 3644 1431 3708 vel

354 3742 424 3824 ipse
450 3743 601 3823 magister
620 3742 803 3807 Waltberus
824 3742 1016 3824 obligabitur
1043 3757 1131 3806 suam
1159 3741 1430 3806 renunciationem

353 3843 507 3921 comparti
523 3859 581 3906 sue
596 3842 761 3923 predicere
777 3857 833 3906 sex
847 3841 1011 3908 mensibus
1023 3848 1098 3906 aute
1111 3840 1204 3904 linem
1218 3840 1431 3920 quadriennii,
1534 3883 1535 3908 i

353 3939 493 4020 alioquin
522 3940 560 4003 ad
590 3949 737 4004 octavum
768 3955 869 4020 usquo
903 3954 1020 4002 annum
1053 3939 1246 4019 completum
1276 3939 1433 4020 utrimque

355 4045 440 4102 stare
455 4039 631 4103 contractui
647 4042 850 4113 tenebuntur,
868 4037 952 4102 sicut
974 4037 1006 4100 in
1027 4038 1097 4102 aliis
1112 4037 1331 4103 contractibus
1347 4037 1432 4102 loca·

354 4135 487 4211 tionum,
516 4135 577 4200 nisi
604 4137 709 4219 aliquo
736 4144 876 4220 tempore
898 4136 929 4200 in
949 4145 1113 4220 posterum
1137 4146 1246 4203 mutuo
1269 4152 1430 4202 consensu

357 4235 567 4304 rescindatur.
737 4251 738 4255 ’
