3186 4942
724 468 913 534 -331-

266 652 344 715 nixa
360 651 455 716 luerit
478 667 547 716 mea
563 650 746 732 responsio.
763 650 853 723 Rem,
872 665 968 730 quam
991 648 1130 714 asseruit
1147 646 1357 730 digessitque,

264 759 383 814 -oontra
410 759 482 813 tuos
509 758 643 814 conatus
667 749 882 831 propugnavi;
913 749 953 812 de
979 747 1049 828 eius
1072 747 1191 822 verbis,
1219 746 1252 810 in
1279 763 1359 828 quae

271 849 431 912 actionem
449 866 512 911 non
526 848 753 922 haesitaveris,
772 847 849 910 nihil
866 847 1032 926 respondi,
1053 869 1066 906 n
1084 857 1145 910 eto.
1165 846 1271 927 Pergit
1286 845 1360 910 dein

273 948 471 1012 reverendus
495 956 584 1028 pater
608 946 758 1028 Wautyer
776 955 839 1010 tota
865 947 977 1028 pagina
1001 944 1114 1010 eodem
1140 955 1215 1010 tono
1231 944 1360 1009 cavilla·

275 1047 417 1111 tionibus
434 1046 653 1110 adversarium
672 1063 766 1110 suum
782 1046 948 1125 impetere.

316 1146 464 1226 lgnosuet
476 1146 652 1210 benevolus
668 1146 782 1219 lector,
797 1145 824 1209 si
842 1145 950 1209 forsan
964 1145 1058 1225 paulo
1074 1145 1180 1216 latius,
1193 1160 1288 1225 quam
1305 1160 1364 1224 par

274 1255 354 1318 erat,
383 1245 461 1310 baeu
484 1261 592 1308 eoram
614 1245 718 1309 opulis
741 1245 810 1325 ejus
834 1244 1013 1321 posuimus.
1042 1243 1102 1308 Sed
1129 1243 1361 1318 neeessarium,

267 1354 329 1408 aut
350 1345 462 1408 saltem
489 1353 705 1424 opportunum
730 1346 791 1409 hoo
818 1343 912 1408 nobis
938 1344 1042 1407 risum
1071 1353 1132 1416 est,
1154 1353 1186 1406 ut
1212 1343 1363 1407 omnibus

277 1453 391 1523 pateat,
410 1444 483 1524 quis
509 1460 581 1507 oum
607 1443 773 1525 dignitate,
802 1442 873 1524 quis
900 1459 977 1507 vero
1004 1459 1076 1506 cum
1096 1443 1229 1506 ueritate
1256 1443 1364 1506 inhao

268 1544 495 1606 -ountroversia
513 1559 548 1605 se
565 1542 718 1621 gesserit.
1197 1549 1201 1554 “

319 1643 437 1706 Novam
466 1641 710 1720 responsionem
734 1649 874 1720 paratam
900 1640 1034 1705 eximius
1055 1641 1203 1704 dominus
1228 1639 1363 1720 blangis,

276 1741 337 1804 sub
361 1741 461 1804 lorma
485 1741 636 1814 thesium,
662 1740 713 1804 die
740 1741 757 1801 'l
781 1740 906 1820 augusti
933 1737 1014 1802 ‘1753
1042 1740 1168 1819 publiea
1195 1740 1226 1802 in
1254 1739 1366 1804 schola

275 1839 509 1918 Augustiniuna
538 1838 853 1919 propugnandarum,
881 1840 913 1900 in
945 1839 1048 1903 lucem
1079 1838 1238 1918 publicam
1269 1838 1366 1903 edere

276 1939 417 2018 parabat,
445 1937 573 2019 quando
598 1937 874 2001 eminentissimus
901 1938 1075 2001 cardinalis
1101 1937 1365 2018 orontepisoopus

277 2038 529 2112 Mechliniensis,
559 2037 699 2100 Thomas
734 2035 899 2118 Philippus
936 2037 976 2101 de
1005 2037 1138 2110 alsatia,
1170 2037 1305 2100 oonsilio
1335 2045 1367 2101 et

267 2152 373 2200 suaso
392 2137 436 2198 liti
455 2137 548 2200 liutem
565 2135 731 2215 imponere
744 2144 879 2198 conatus
896 2145 958 2209 est,
974 2145 1008 2198 ut
1023 2153 1061 2200 ex
1078 2136 1226 2214 sequenti
1245 2136 1365 2200 monito

276 2235 396 2299 domini
410 2233 533 2316 blangis
545 2234 703 2306 thesibus,
719 2250 789 2314 pag.
804 2233 835 2306 6,
847 2233 970 2298 inserto
984 2234 1136 2316 colligere
1149 2235 1245 2298 lioet:
1264 2234 1364 2298 «Cum

278 2335 362 2414 typis
379 2335 560 2396 mandatum
573 2333 638 2414 jam
654 2332 737 2396 leret
752 2332 836 2412 quod
861 2332 898 2394 ad
918 2349 1057 2412 nuperas
1080 2333 1189 2396 theses
1205 2332 1241 2395 31
1262 2333 1364 2397 martii

279 2443 497 2512 propugnatos
528 2431 725 2511 respondere
750 2431 963 2498 intenderam.
992 2433 1029 2494 ad
1062 2449 1112 2495 me
1139 2432 1263 2495 delatae
1293 2441 1367 2496 sunt

277 2531 401 2595 litterae
417 2532 648 2594 eminentissimi
659 2531 776 2593 domini
789 2531 955 2594 cardinalis
967 2531 1004 2593 de
1017 2531 1367 2614 Alsutin,orcltiepiseupi

278 2628 514 2704 mechliniensis,
529 2629 671 2708 primatis
689 2629 797 2708 Belpii‚
816 2637 873 2690 eto.
891 2635 961 2702 ete,
979 2629 1095 2708 quibus
1113 2629 1318 2692 veliementer
1334 2640 1365 2694 et

278 2725 377 2798 omni,
396 2742 456 2805 qua
475 2736 598 2805 poterat
626 2727 832 2805 benignitate,
851 2727 1057 2790 dissuadebat
1082 2727 1265 2790 ulteriorem
1293 2745 1364 2792 eum

275 2820 315 2883 li.
331 2821 366 2884 P.
395 2823 553 2900 depretia
580 2823 844 2902 disputationem.
864 2826 1006 2904 Magnam
1031 2826 1226 2889 voluntatem
1250 2827 1363 2892 iterato

278 2921 508 3000 respondendi,
525 2929 555 2984 et
572 2922 688 3000 publici
703 2922 787 3002 iuris
804 2923 949 2994 laoiendi,
971 2924 1055 3004 quod
1074 2925 1266 3004 impressum
1284 2935 1363 3002 erat,

277 3019 1364 3104 vieitmajorobserrantiainllminentissimumPraesulem‚pietate

270 3134 371 3198 -quam
390 3135 529 3198 purpura
553 3117 814 3193 eminentiorem,
834 3120 917 3184 unde
940 3120 987 3184 sas
1014 3121 1089 3182 mibi
1117 3138 1180 3185 non
1209 3123 1267 3185 luit
1290 3121 1367 3188 tanti

276 3219 336 3284 viri
349 3221 432 3285 votis
448 3237 511 3285 non
523 3221 671 3302 obsequi.
689 3221 826 3286 Proinde
848 3221 886 3284 R.
905 3222 1003 3297 Patri,
1024 3223 1077 3303 qui
1094 3223 1125 3285 in
1150 3225 1290 3288 Prodmio
1307 3241 1367 3289 suo

276 3318 391 3383 latetur
407 3337 443 3382 se
458 3319 497 3381 ud
514 3319 705 3398 opuseulum
721 3335 825 3383 meum
840 3323 941 3401 petius
957 3329 1028 3384 orate
1039 3340 1185 3404 responsa
1201 3323 1364 3400 exhibere,

277 3435 371 3500 quam
398 3417 608 3498 respondere,
635 3418 714 3480 nibil
740 3418 826 3482 aliud
851 3419 947 3483 inodo
974 3437 1132 3500 reponere
1154 3419 1252 3495 lubet,
1270 3437 1363 3503 quam

274 3517 358 3581 idem
382 3519 587 3597 opuseulum,
608 3517 765 3582 adversus
790 3517 847 3581 ista
871 3517 941 3598 ejus
964 3527 1035 3583 unte
1059 3537 1207 3602 responso
1229 3521 1362 3598 editum,

275 3617 395 3697 pariter
410 3618 616 3696 opponendo,
636 3627 668 3680 ut
685 3617 844 3697 utrimque
867 3635 1099 3698 responsorum
1124 3619 1167 3683 sit
1184 3637 1282 3698 penes
1299 3621 1363 3686 leo-

275 3722 377 3778 torem
399 3713 566 3795 judicium.
589 3737 601 3774 n
626 3715 748 3781 Theses
771 3717 830 3780 bae
853 3716 1072 3782 inscribuntur
1095 3735 1101 3780 :

317 3813 347 3875 5.
365 3813 473 3876 Thebes
496 3813 676 3892 tbeolopiooe
695 3815 732 3877 de
751 3815 895 3894 percutis,
913 3813 1030 3896 tepidus
1051 3823 1080 3878 et
1105 3819 1217 3896 pretia,
1285 3835 1366 3898 prra-

266 3910 339 3973 stne
355 3913 393 3975 F.
417 3911 548 3992 Josepbo
576 3911 750 3994 Margaia...
777 3915 904 3977 Louanii
932 3916 963 3976 in
992 3913 1096 3978 sabula
1125 3919 1364 4000 Aupustiniona,

269 4009 324 4072 die
353 4009 370 4070 7
400 4013 522 4091 ortpustt
549 4010 646 4086 17533
667 4011 807 4086 Lanuuii,
832 4012 915 4093 typis
939 4013 1064 4076 llartini
1089 4013 1154 4078 Van
1181 4013 1371 4092 Ouerbeker

273 4106 340 4171 vol.
358 4108 388 4169 in
405 4108 438 4172 8⁰
454 4108 493 4171 ll
510 4125 564 4190 pp.
1049 4125 1054 4135 ·

293 4255 297 4264 ι
360 4239 389 4287 r.
777 4289 780 4298 ,
1245 4229 1289 4292 op,
