3222 4950
718 471 904 534 —lel-

304 653 345 715 Le
368 668 446 731 pope
471 651 531 714 ibi
557 653 710 716 m-dessus
736 653 812 716 ituit
837 655 904 732 teja
933 655 1099 736 imprimie,
1128 655 1249 738 lorsque
1274 676 1353 721 nnus

253 769 353 814 avons
375 752 586 823 trecentiens
608 751 653 814 les
675 751 778 832 Opera
802 753 1005 831 diplomatica
1020 754 1090 836 (li',
1106 773 1158 836 pp.
1178 751 1290 838 80-85)
1315 757 1352 820 de

261 851 398 920 Miroeus
421 857 449 912 et
464 851 615 932 Fcppens,
632 851 663 914 lc
685 851 766 914 butte
780 852 1011 933 d'opprobcticn
1033 855 1076 917 du
1092 853 1130 916 ΞΟ
1145 853 1257 931 [etrier
1272 853 1353 918 1503

261 949 304 1030 (et
325 965 387 1011 nort
401 967 458 1028 pos
480 949 518 1011 de
532 949 652 1014 i'unnee
675 949 781 1028 taba),
799 951 872 1014 doru
894 951 917 1014 it
932 959 978 1014 est
994 953 1083 1032 parit
1105 953 1182 1016 doris
1198 953 1229 1016 lc
1250 955 1350 1017 notel

260 1049 298 1111 de
313 1055 386 1111 cette
397 1065 486 1129 pope.
502 1051 587 1112 Nous
603 1049 634 1112 ic
647 1051 863 1131 reproduiscns
877 1069 914 1114 en
926 1053 1022 1114 entier
1036 1053 1055 1114 d
1071 1070 1163 1115 cause
1177 1053 1214 1115 de
1226 1052 1354 1117 l'interet

258 1147 438 1229 particuiier
460 1147 568 1229 qu’elle
590 1148 726 1229 presente.
752 1167 830 1231 pour
855 1150 1000 1214 i’bistcim
1028 1151 1066 1214 rie
1091 1152 1121 1214 io
1153 1153 1272 1214 momen
1301 1154 1354 1216 des

258 1263 389 1328 pauvres
403 1246 512 1323 sentite
526 1266 585 1330 por·
599 1245 810 1312 Stcadoncid
827 1251 976 1312 licaonia.

298 1413 438 1466 Raimond
450 1413 578 1476 Percidi,
594 1419 665 1480 tepot
682 1419 861 1482 apostolique.
877 1433 1016 1480 opprcuce
1034 1420 1072 1469 tes
1086 1422 1210 1470 maisons
1222 1421 1270 1470 cles
1280 1433 1355 1481 pan-

261 1519 322 1556 ures
338 1504 451 1567 sormees
466 1521 523 1569 por·
542 1505 700 1558 Stundoncle
719 1510 848 1558 dunsten
868 1505 1034 1570 Pons-Bos,
1050 1515 1076 1558 et
1096 1511 1159 1558 tene·
1176 1511 1288 1560 mcertis
1308 1511 1355 1560 eles

262 1597 418 1659 privileges.

560 1685 597 1739 20
611 1682 710 1740 ferrier
727 1685 796 1740 1503
810 1687 945 1756 (nouvcau
959 1686 1050 1757 style).

306 1821 500 1896 Rnnnnnnus,
525 1824 733 1888 miseratione
756 1825 863 1888 divina
888 1836 1114 1889 sacrosanctae
1136 1824 1300 1889 Ecclesiae
1322 1834 1354 1889 et

264 1930 396 1985 sanctae
425 1922 542 1986 itariae
572 1939 673 1986 novae
700 1924 868 2002 presbyter
897 1924 1072 1987 cardinalis
1097 1923 1286 1999 Gurcensis,
1313 1924 1352 1988 ad

265 2019 446 2084 universam
489 2021 704 2089 Germaniam.
749 2021 891 2096 Daciam,
936 2022 1094 2094 sueciam,
1137 2021 1351 2103 Ncrwegiam,

257 2119 410 2194 Frisium,
429 2119 605 2193 Prassiam‚
619 2137 797 2202 omnesque
809 2131 840 2185 ct
856 2120 1000 2202 singulas
1013 2122 1139 2184 illarum
1154 2122 1350 2202 provincias,

262 2218 420 2291 civitates,
438 2228 471 2282 et
493 2229 608 2290 terras,
626 2233 658 2283 et
672 2219 755 2292 loca,
774 2207 870 2284 etiam
893 2235 987 2284 sacro
1005 2219 1151 2283 Romano
1168 2219 1304 2301 imperio
1320 2220 1351 2282 in

262 2317 332 2398 ipsa
353 2317 520 2381 Germania
542 2317 686 2398 subjecta
706 2335 744 2382 ac
762 2320 812 2383 eis
831 2319 1022 2399 adjacentia,
1039 2318 1236 2397 apostolicae
1262 2318 1352 2383 sedis

262 2417 302 2482 de
317 2417 417 2482 latere
432 2417 569 2498 legatus.
587 2418 634 2481 Ad
653 2429 838 2499 perpetuam
856 2419 902 2482 rei
921 2418 1120 2483 memoriam.

305 2515 464 2579 immensa
478 2515 594 2578 summi
609 2516 724 2591 Patris,
737 2515 919 2597 qui,0mnia
935 2517 1077 2580 t'ormans
1089 2516 1129 2580 de
1145 2515 1350 2588 lineamina,

261 2630 319 2679 sua
343 2613 505 2678 bominem
528 2614 696 2678 constituit
720 2615 941 2695 sapientiam
964 2614 1160 2678 constitutus
1182 2623 1350 2677 creaturae

261 2713 482 2778 dominaretur
509 2713 689 2788 universae,
714 2713 837 2794 iustitia
869 2727 997 2794 quoquc
1028 2712 1101 2776 orbi
1128 2721 1293 2792 praeesset
1319 2721 1351 2776 et

262 2812 436 2893 aequitate
455 2827 526 2887 nos,
544 2812 597 2892 qni
620 2814 659 2875 nd
682 2813 743 2876 boc
766 2812 805 2876 ab
822 2813 889 2886 ilic,
907 2827 1001 2892 quem
1021 2810 1195 2874 adsummi
1217 2819 1348 2890 aposto-

257 2909 345 2974 latus
375 2911 498 2990 apicem
533 2911 650 2984 evexit,
681 2911 851 2991 legationis
887 2909 1040 2982 officium,
1072 2909 1148 2972 licet
1184 2906 1348 2982 immeriti,

255 3009 475 3089 suscepimus,
507 3021 539 3072 et
574 3009 698 3073 sedium
729 3025 860 3073 suarum
897 3007 1066 3072 assistrice
1103 3006 1278 3086 Sapientia,
1307 3006 1350 3070 de

259 3123 412 3188 supremo
442 3107 561 3172 vertice
590 3109 629 3172 ad
661 3109 770 3173 mundi
801 3108 908 3170 intima
947 3107 1150 3172 reflectentes
1184 3105 1347 3180 intuitum,

257 3207 349 3271 oneri
373 3206 467 3272 nobis
499 3207 634 3282 credito,
664 3209 853 3289 pracsertim
886 3223 942 3285 per
971 3205 1174 3286 exquisitam,
1201 3220 1285 3286 quae
1317 3214 1349 3268 ct

258 3322 337 3370 suos
354 3306 500 3386 provebit
515 3316 546 3370 et
562 3307 702 3371 illustrat
719 3323 944 3386 possessores,
958 3305 1114 3370 scientiae
1131 3303 1347 3384 margaritam,

255 3421 294 3468 ac
320 3405 418 3468 studii
438 3405 535 3470 veluti
559 3405 690 3469 lucerna
711 3406 875 3486 fulgentis,
892 3406 931 3467 ad
954 3403 1247 3483 corttemplandam,
1265 3417 1348 3482 quae

258 3502 289 3565 in
316 3503 403 3567 omni
428 3512 523 3583 gente
548 3513 579 3567 ct
606 3503 726 3584 populo
754 3505 924 3585 primatum
952 3512 1050 3570 tenet,
1067 3500 1271 3582 sapientiam,
1290 3499 1350 3564 iter

254 3601 390 3667 ubilibet
406 3619 593 3676 exaremus;
611 3603 650 3666 ad
669 3603 730 3668 boc
748 3604 847 3667 nostri
866 3602 1007 3683 pectoris
1021 3601 1127 3664 studia
1144 3600 1349 3679 hominisque

255 3701 421 3766 interioris
457 3700 592 3766 affectus
627 3703 851 3766 desideranter
888 3701 1090 3780 exponimus,
1124 3711 1157 3764 ut
1184 3713 1234 3774 ea,
1265 3713 1348 3778 quac

257 3809 388 3880 propter
415 3799 513 3862 divini
550 3801 657 3864 cultas
696 3801 957 3881 propagationem
1000 3797 1344 3878 laciacompcrimus,

254 3897 384 3962 roboris
399 3898 565 3963 solidioris
587 3901 739 3964 tirmitate
754 3901 913 3964 lactentur
935 3909 966 3962 et
981 3899 1153 3980 gaudeant,
1171 3897 1345 3961 salutarem

252 4012 384 4077 quoquc
426 3997 606 4078 pertingant
646 3997 809 4074 ellectum,
851 4007 981 4062 nostrae
1018 3996 1201 4078 vigilantiae
1238 4003 1347 4074 partes

249 4094 409 4162 solertius
427 4095 643 4180 impartimur.
1306 4157 1312 4169 ,

298 4193 381 4258 Sane
398 4211 455 4275 prc
472 4201 562 4276 parte
576 4194 684 4260 dilecti
702 4195 796 4260 nobis
813 4195 845 4256 in
861 4195 989 4260 Christo
1001 4195 1134 4259 ioannis
1146 4191 1344 4266 Standcnclr,
