3186 4942
792 503 829 515 -
855 467 979 532 326-

331 639 476 708 vicissim
490 638 562 720 eius
577 638 610 702 in
627 653 663 704 se
677 637 819 702 animum
831 643 862 701 et
874 635 1049 716 benignum
1061 642 1094 700 at
1107 632 1294 699 munificum
1309 649 1426 714 exper-

332 748 385 807 tus
401 739 470 805 luit.
488 739 634 813 Dentum,
652 737 694 802 ita
708 737 807 801 vitam
823 751 996 816 moresque
1008 751 1088 800 suos
1100 749 1213 798 omnes
1227 733 1424 814 composuit,

333 847 367 905 ut
392 846 497 921 gestu,
522 838 666 910 incessu,
691 851 853 910 sermone,
882 833 1020 916 aliisque
1042 833 1194 899 omnibus
1216 833 1326 908 rebus,
1344 832 1426 896 uildl

332 937 395 1002 nisi
410 953 519 1020 grave,
538 935 749 1009 moderatum,
773 950 811 999 ac
833 933 990 1015 religione
1005 933 1135 1013 plenum
1159 947 1236 1013 prae
1250 949 1287 996 se
1301 932 1423 997 tulerit.

376 1037 514 1100 »virum
526 1035 666 1107 interim,
681 1033 834 1098 inusitato
848 1032 957 1098 lavore
969 1031 1133 1106 dilectum,
1143 1031 1213 1096 dira
1226 1048 1315 1097 mors
1331 1033 1423 1112 pleu-

330 1135 424 1201 ritico
441 1136 564 1211 morbo,
582 1150 719 1216 quocum
739 1147 797 1214 per
812 1131 1055 1213 quatuordecim
1071 1131 1153 1206 dics,
1170 1130 1260 1212 gravi
1277 1132 1420 1211 pectoris

331 1233 559 1316 oppressione,
577 1232 762 1297 luctandum
778 1231 807 1296 ei
825 1230 895 1307 luit,
911 1245 1040 1296 summo
1054 1231 1197 1295 omnium
1214 1231 1301 1296 luctu
1318 1231 1423 1294 extin-

331 1333 389 1398 xit.
407 1332 626 1414 aegritudinis
643 1347 740 1412 porro
763 1331 928 1395 molestias
951 1347 1015 1395 non
1040 1329 1136 1394 modo
1159 1329 1318 1410 patienter
1339 1329 1422 1405 tulit,

333 1446 445 1497 verum
457 1431 533 1513 quid
547 1431 579 1494 in
595 1431 730 1496 terribili
749 1431 861 1495 mortis
873 1445 976 1512 agone
991 1429 1165 1494 christiana
1177 1429 1282 1494 valeat
1294 1427 1422 1510 religio,

331 1531 383 1596 sui
409 1530 533 1595 ordinis
560 1529 710 1594 tratribus
738 1535 887 1595 testatum
916 1527 1007 1604 lecim
1032 1528 1225 1609 quibuscum
1247 1536 1424 1592 consuetas

292 1680 302 1700 .
332 1628 458 1694 animae
488 1627 787 1692 commendationes
823 1633 993 1709 postquam
1030 1626 1211 1701 recitasset,
1245 1625 1358 1706 eisquc
1387 1641 1426 1690 cx

332 1727 446 1792 ordine
471 1725 691 1799 valedixisset,
718 1725 846 1806 placido
871 1725 973 1800 vultu,
1001 1725 1138 1788 animam
1165 1725 1197 1788 in
1226 1741 1342 1789 manus
1371 1723 1424 1789 sni

331 1822 494 1888 creatoris
510 1823 652 1889 tradidit.
670 1825 769 1899 Quam
786 1825 913 1890 tametsi
926 1825 965 1890 ad
982 1825 1037 1890 nei
1050 1831 1260 1905 conspectum
1274 1825 1424 1889 evolasse

333 1921 538 1997 confidimus,
557 1922 630 2003 quia
655 1931 761 1988 tamen
785 1925 937 1989 mortales
961 1939 1022 1988 nos
1044 1923 1152 1989 diuina
1175 1925 1273 1988 latent
1287 1924 1422 2004 judicia,

334 2034 448 2100 crocos
462 2037 501 2086 ac
517 2021 677 2086 sacrificia
699 2032 807 2088 vestra
830 2023 1048 2105 exposcimus,
1067 2033 1100 2088 ut
1120 2031 1321 2105 quantocyus
1336 2039 1424 2089 sem·

331 2118 512 2200 citerna...
532 2122 712 2204 acquiescat
724 2125 758 2186 t'n
771 2139 857 2204 pace.
875 2147 889 2180 a

373 2301 453 2367 Fere
474 2308 594 2379 omnia,
612 2320 694 2385 quae
715 2303 851 2370 eximius
875 2312 964 2386 pater
979 2304 1101 2387 llaugis
1124 2305 1155 2369 in
1178 2305 1284 2370 lucem
1306 2303 1420 2380 edidit,

331 2400 452 2481 scripta
480 2412 556 2467 sunt
582 2403 751 2483 polamioa,
780 2403 944 2485 proposita
972 2421 1029 2484 par
1059 2405 1188 2470 modum
1216 2403 1419 2485 quaestionis

327 2499 579 2582 quodlibeticae,
596 2503 645 2566 tel
662 2503 898 2568 dissertationis
915 2504 1049 2569 minoris
1067 2503 1199 2580 formae,
1214 2504 1263 2569 vel
1279 2503 1419 2568 tlresium

332 2597 364 2662 in
381 2599 492 2664 sclrola
507 2599 690 2666 academica
712 2603 762 2667 vel
779 2601 1010 2683 Augustiniana
1027 2603 1153 2684 publice
1170 2601 1419 2683 propugnanda·

330 2713 417 2762 rum.
433 2696 582 2780 Quinque
598 2699 769 2782 praecipua
785 2700 889 2782 capita
904 2701 1164 2782 complectuntur
1180 2718 1188 2764 :
1206 2701 1237 2780 a)
1254 2700 1294 2765 de
1306 2707 1422 2764 natura

332 2797 455 2876 gratiae
482 2814 539 2878 per
562 2815 599 2863 se
620 2797 763 2864 efficacis
788 2801 966 2865 secundum
992 2810 1124 2866 sanctos
1150 2799 1365 2881 Augustinum
1390 2805 1424 2864 et

332 2891 486 2958 'l'lromam
501 2895 710 2976 Aquinatem
727 2895 760 2976 t)
776 2897 816 2963 de
839 2898 1014 2964 attritionis
1037 2915 1124 2964 merc
1147 2898 1273 2964 servilis
1296 2895 1421 2962 insulti-

329 2989 449 3056 ciontia
471 2992 503 3054 in
518 3003 721 3060 sacramento
745 2995 979 3075 poenitentiam
1004 2996 1034 3078 c)
1048 2997 1090 3064 dc
1106 2997 1264 3062 relatione
1285 3011 1421 3076 oncrum

333 3090 546 3155 humanorum
570 3095 603 3156 in
627 3095 745 3168 Deum;
769 3095 803 3177 tl)
825 3095 866 3161 de
889 3095 1104 3175 possibilitate
1126 3113 1185 3177 pro
1207 3097 1367 3162 existente
1387 3095 1423 3158 in

334 3196 419 3253 staur
447 3191 569 3270 peccati
586 3192 731 3257 mortalis
750 3195 920 3259 exercendi
941 3203 1046 3260 actum
1068 3195 1366 3276 supernaturalem
1390 3201 1423 3260 ct

333 3286 364 3368 t)
380 3288 420 3352 de
435 3288 683 3356 dissolubilitate
707 3292 900 3358 matrimonii
917 3294 949 3356 in
965 3311 1042 3360 casu
1067 3294 1226 3375 Apostoli,
1244 3294 1255 3357 l
1271 3296 1312 3358 od
1333 3293 1421 3368 Con,

333 3401 406 3467 cap.
415 3403 468 3450 vu.
479 3385 566 3462 Quae
578 3390 734 3464 omnia,in
746 3400 900 3472 qnantum
914 3392 1107 3466 achisama,
1121 3393 1203 3458 inlra
1215 3393 1419 3458 indicamus:

369 3569 398 3634 a)
416 3569 528 3636 &rapta
540 3577 678 3626 occasione
691 3580 890 3630 coutroversiae
902 3581 936 3630 de
948 3585 1053 3631 natura
1064 3582 1174 3644 cratiae
1184 3594 1236 3644 per
1249 3594 1278 3632 se
1290 3583 1422 3642 efficacis,

374 3707 404 3771 l.
421 3707 532 3773 aleses
544 3709 716 3792 ticoloqicoe
727 3713 765 3776 dc
776 3713 922 3794 reliqicnc
932 3733 968 3778 nc
978 3715 1075 3779 divini
1089 3716 1177 3780 terti
1187 3717 1416 3781 incarnatione,

331 3806 413 3871 tum
428 3811 603 3889 Appendicc
617 3811 655 3874 dc
668 3814 767 3891 qrclt'u
780 3813 1009 3894 commilitoni
1024 3833 1060 3878 cc
1073 3815 1211 3879 libertate
1214 3861 1277 3892 .....
1293 3817 1424 3897 meotide

334 3903 371 3968 Γ.
398 3907 530 3987 docendo
555 3909 731 3990 Mortale...
759 3913 899 3988 Lemouii,
922 3913 1080 3977 insciolo
1105 3916 1347 3994 Auqastiuiunc,
1371 3915 1422 3979 dic

332 4002 375 4164 ἑὲ
402 4007 655 4167 ωρίιὲςεὲοπψ
687 4007 832 4086 tonanti,
861 4011 948 4092 tyois
982 4012 1108 4078 llartini
1141 4013 1206 4076 Van
1237 4011 1421 4090 (ivandam

378 4117 697 4308 terpnarum'tnestum
708 4207 894 4289 appendice,
909 4223 1003 4290 quae,
1015 4223 1055 4275 cx
1066 4209 1190 4292 viginti,
1204 4211 1321 4294 quibus
1333 4211 1424 4292 ipsae
