3284 4956
792 509 979 586 -laa-

349 697 533 783 magistros,
555 700 658 768 eidem
683 701 768 781 (lisca
793 701 926 781 eisdem)
947 701 979 766 in
1006 700 1118 783 primis
1140 697 1317 782 iniungere,
1335 705 1371 764 ut
1392 691 1432 763 ab

347 803 459 867 eadem
473 802 693 869 controversia
709 803 867 868 desistant
882 803 942 867 sub
958 817 1038 885 pena
1055 799 1185 884 perjurii
1201 808 1234 865 et
1249 797 1433 865 resectione

347 918 365 966 a
381 919 518 984 corpore
536 904 655 985 prefate
671 904 829 969 facultatis
844 913 876 969 et
887 903 974 967 illius
989 902 1116 968 consilii
1131 925 1139 977 ;
1156 909 1187 966 et
1202 899 1242 965 ab
1257 900 1306 966 eis
1323 898 1432 981 requi-

347 1004 482 1068 rendum
505 1005 722 1086 querimonias
748 1013 780 1069 et
806 1003 1037 1085 responsiones
1066 1002 1104 1065 ad
1130 1001 1272 1075 easdem,
1297 999 1325 1064 si
1352 1016 1432 1080 quas

346 1103 495 1180 habeant,
512 1105 545 1169 in
569 1105 699 1186 scriptis
715 1104 871 1169 redactas.
889 1103 1010 1180 Quibus
1026 1102 1153 1176 habitis,
1171 1101 1263 1166 lectis
1278 1107 1309 1164 et
1325 1098 1433 1162 visita-

345 1203 400 1281 tis‚
417 1205 529 1285 prefati
552 1223 609 1270 sex
632 1205 772 1285 deputati
800 1203 933 1268 eandem
959 1201 1211 1268 controversiam
1229 1215 1286 1279 pro
1308 1197 1433 1262 viribus

346 1304 498 1370 dirimere
513 1304 733 1380 conabuntur;
751 1311 781 1368 et
804 1303 830 1368 si
853 1305 916 1370 boc
938 1303 1042 1366 facere
1058 1317 1122 1364 non
1139 1299 1308 1372 valuerint.
1327 1297 1431 1364 eidem

346 1405 509 1484 negotium
533 1404 571 1469 ad
596 1404 736 1484 prefatos
759 1403 881 1484 primos
901 1403 1070 1482 deputatos
1086 1399 1222 1465 fideliter
1237 1397 1360 1463 referre
1376 1415 1432 1462 co-

346 1513 474 1585 gentur,
494 1503 555 1579 rel,
579 1503 606 1567 si
629 1520 763 1568 necesse
790 1502 896 1576 fuerit,
924 1501 962 1565 ad
991 1509 1088 1566 totam
1111 1499 1305 1564 facultatem.
1330 1497 1370 1562 Et
1385 1497 1433 1562 sic

348 1603 507 1669 conclusit
521 1601 674 1668 decanus.
692 1603 782 1679 Aera,
800 1601 866 1677 vtt,
884 1601 939 1667 fol.
957 1601 1015 1666 371
1033 1609 1073 1664 r⁰.

388 1785 446 1847 Dic
470 1781 601 1857 subbati,
627 1784 708 1864 xxti·
731 1784 853 1862 uuyusti
879 1783 970 1857 lbet,
998 1783 1076 1848 bora
1103 1787 1213 1862 quarta
1239 1795 1255 1844 a
1286 1778 1431 1852 meridie,

346 1881 532 1947 convocatis
547 1881 707 1962 deputatis
723 1882 897 1947 ordinariis
913 1899 984 1947 cum
1001 1880 1222 1962 complurimis
1237 1897 1277 1946 ex
1292 1878 1431 1944 seniori-

347 1979 409 2046 bus
426 1979 583 2045 facultatis
596 1981 627 2044 iu
644 1981 741 2046 rubea
764 1997 890 2046 camera
906 1981 1022 2046 domus
1039 1980 1217 2055 facultatis;
1236 1995 1345 2044 coram
1362 1977 1432 2061 qui-

346 2079 407 2144 bus
434 2079 579 2145 sindicus
605 2081 763 2146 facultatis
789 2081 865 2162 legit
898 2097 935 2146 ae
960 2081 992 2143 in
1019 2080 1157 2145 medium
1186 2077 1335 2160 produxit
1357 2093 1433 2142 con·

348 2178 527 2244 elusionem
546 2181 614 2246 sive
630 2181 832 2262 appostillam
856 2180 976 2246 domini
999 2179 1134 2245 rectoris
1156 2189 1187 2245 et
1209 2177 1433 2258 deputatorum

346 2277 583 2356 Universitetis‚
602 2279 632 2343 in
649 2297 709 2362 qua
723 2280 909 2355 habebatur,
928 2289 962 2344 ut
977 2279 1068 2344 lieret
1082 2295 1141 2342 una
1154 2277 1316 2357 deputatio
1333 2273 1434 2341 fercul-

348 2378 564 2456 refluentium,
591 2379 620 2442 in
643 2397 704 2461 qua
727 2379 949 2462 iniungeretur
973 2379 1107 2460 syndico
1131 2376 1288 2442 facultatis
1303 2375 1431 2451 artium,

348 2485 382 2542 ut
394 2477 497 2542 adiret
512 2478 676 2544 dominum
691 2479 968 2544 armenterianum
985 2477 1177 2558 inquirendo
1193 2476 1231 2540 ab
1248 2473 1375 2548 eodem,
1393 2490 1433 2538 an

348 2576 408 2640 sibi
426 2577 610 2644 vendicaret
626 2581 851 2659 proprietatem
869 2579 955 2644 fundi
974 2577 1140 2658 pedagogii
1158 2576 1226 2640 lilii
1249 2585 1281 2640 et
1299 2574 1384 2639 horti
1401 2574 1434 2637 in

348 2675 452 2758 platea
476 2677 723 2762 flamingorum.
745 2679 848 2744 Lectis
864 2691 972 2742 coram
991 2675 1131 2741 dominis
1147 2673 1358 2739 conclusione
1373 2659 1437 2752 (sic)

348 2776 551 2841 dominorum
582 2779 719 2844 rectoris
749 2787 780 2843 et
805 2779 1029 2857 deputatorum
1059 2774 1296 2848 Universitatis,
1328 2775 1437 2854 posuit

347 2872 498 2941 dominus
530 2877 671 2942 decanus
699 2877 731 2940 in
762 2875 1047 2942 deliberationibus
1077 2875 1302 2949 dominorom;
1334 2882 1366 2937 et
1396 2891 1436 2938 cn

347 2976 533 3040 eorumdem
558 2975 761 3042 dominorum
781 2973 1066 3041 deliberationibus
1079 2973 1167 3055 juxta
1189 2971 1434 3037 conclusionem

346 3075 582 3152 llrrirersitalis,
597 3076 798 3141 dominorum
816 3073 998 3154 rectorisfet
1014 3072 1434 3154 deputatoruminJunetum

346 3175 405 3240 fuit
420 3175 550 3241 domino
567 3176 700 3257 syndico
717 3175 888 3246 facultatis.
905 3183 936 3240 et
952 3183 985 3240 ut
1000 3175 1102 3240 adiret
1118 3175 1280 3239 dominum
1300 3174 1435 3238 Armen-

347 3275 516 3353 terianum‚
528 3267 631 3356 primo
643 3277 779 3341 eundem
792 3276 934 3356 gratiose
946 3275 1119 3348 monendo,
1135 3283 1167 3338 ut
1180 3289 1269 3337 suam
1283 3273 1435 3338 intentio·

347 3392 420 3439 nem
441 3375 527 3456 juxta
544 3375 786 3440 conclusionem
801 3373 1026 3440 Universitatis
1049 3373 1271 3454 deputatorum
1288 3371 1434 3437 declara-

347 3483 407 3546 ret,
435 3473 583 3538 videlicet
608 3489 647 3536 an
677 3473 737 3538 sibi
770 3473 907 3555 aliquam
930 3471 1157 3554 proprietatem
1182 3471 1369 3536 vendicaret
1394 3469 1433 3534 ad

348 3573 476 3636 domum
491 3573 728 3654 pedagogialem
743 3573 873 3646 Lilii‚an
891 3589 967 3636 non.
981 3571 1013 3636 Si
1026 3572 1078 3646 ita,
1090 3571 1173 3653 quod
1192 3579 1267 3635 tune
1279 3569 1434 3651 syndicus

348 3671 506 3736 facultatis
520 3673 708 3752 procederet
720 3683 831 3737 contra
843 3671 978 3738 eundem
993 3671 1030 3735 ad
1044 3669 1223 3736 docendum
1237 3671 1276 3734 de
1289 3671 1434 3751 proprie·

348 3777 412 3835 tate
426 3771 635 3849 corumdem;
661 3771 778 3854 alioqui
802 3779 989 3852 perpetuum
1013 3769 1176 3835 silentium
1196 3785 1253 3851 per
1267 3768 1432 3833 dominum

352 3877 509 3934 rectorem
534 3870 578 3932 illi
603 3871 831 3951 imponendum
851 3871 939 3952 juxta
965 3869 1205 3934 conclusionem
1227 3869 1433 3934 dominorum

349 3967 1039 4050 rectorisetdeputatorumUniversitatis.Et
1052 3968 1100 4033 sic
1111 3967 1268 4033 conclusit
1278 3967 1432 4032 decanus.

390 4065 538 4132 Preterea
562 4068 730 4150 proposuit
751 4067 901 4133 dominus
923 4067 1077 4144 decanus,
1098 4065 1235 4148 qualiter
1257 4065 1436 4132 audivisset

352 4165 557 4230 concordiam
574 4183 648 4232 esse
673 4168 793 4231 initiam
817 4169 900 4234 inter
920 4167 1198 4232 Armenterianum
1214 4174 1246 4231 et
1261 4167 1435 4248 magistros

353 4265 546 4333 docentibus
561 4269 622 4348 (atel
639 4267 806 4352 pedagogii
823 4267 892 4334 tilii
909 4269 950 4334 de
971 4268 1106 4352 quadam
1121 4267 1354 4345 controversia,
1373 4282 1437 4350 que
