3252 4954
766 411 950 475 -488-

308 601 442 660 nostrae
469 591 724 658 confirmationis
755 593 853 658 robur
882 601 915 658 et
951 593 1112 658 munimen
1150 591 1263 672 adjici;
1301 610 1402 674 quare

310 710 370 774 pro
386 702 475 773 parte
490 692 566 757 dicti
588 693 721 758 loannis
739 693 833 758 nobis
857 694 915 758 luit
936 692 1099 757 humiliter
1120 692 1347 772 supplicatum,
1365 701 1400 758 ut

309 793 417 858 omnia
440 801 471 858 et
497 793 621 874 singula
648 794 838 873 praemissa,
866 792 971 874 quoad
999 792 1256 872 praenominatas
1282 791 1399 859 domus

309 891 525 964 subalternas,
542 893 619 956 etin
636 893 685 957 eis
702 893 880 972 respective
895 893 1059 972 degentes,
1077 906 1253 971 eorumque
1269 909 1400 958 sueces-

308 1007 413 1064 sores,
432 991 463 1053 in
481 991 635 1056 limitibus
659 1002 789 1056 nostrae
807 991 976 1073 legationis
999 991 1185 1065 existentes,
1204 990 1398 1076 confirmare·

308 1100 339 1154 et
361 1091 551 1170 approbare,
569 1107 607 1155 ac
633 1101 764 1156 nostrae
781 1091 946 1155 firmitatis
968 1090 1069 1156 robur
1083 1089 1241 1168 adiicere;
1270 1107 1397 1156 necnon

306 1187 393 1253 dicto
407 1189 521 1252 loanni
539 1199 571 1253 ct
586 1189 834 1254 successoribus
857 1189 927 1254 suis
942 1189 972 1252 in
990 1189 1139 1253 domibus
1163 1188 1346 1269 praedictis,
1364 1199 1398 1255 el

307 1288 456 1368 personis
480 1289 512 1350 in
534 1289 581 1352 eis
604 1288 787 1370 respective
809 1288 1001 1369 degentibus
1024 1305 1082 1368 pro
1114 1296 1270 1367 tempore,
1295 1287 1395 1353 inira-

307 1387 425 1466 scripta
439 1388 618 1452 concedere
633 1404 671 1451 ac
682 1387 760 1452 alias
776 1387 807 1449 in
824 1387 1012 1467 praemissis
1025 1397 1206 1466 opportune
1223 1387 1394 1466 providere

306 1485 529 1567 dignaremur;
559 1503 618 1550 nos
644 1487 753 1567 igitur,
777 1485 974 1566 apostolicae
1002 1486 1102 1560 sedis,
1130 1486 1205 1549 licet
1228 1486 1393 1563 immeriti,

207 1620 210 1626 =
306 1585 475 1666 legationis
501 1585 641 1652 cilicium
664 1595 825 1667 gerentes,
843 1587 883 1649 ad
905 1587 957 1649 ille
980 1586 1094 1650 oculos
1119 1595 1248 1650 nostrae
1273 1587 1395 1651 mentis

305 1684 444 1767 dirigere
466 1685 633 1761 debemus,
651 1703 707 1767 per
732 1701 814 1765 quae
830 1685 918 1749 salus
944 1685 1120 1748 animarum
1148 1683 1335 1764 acquiritur,
1356 1695 1390 1750 ut

304 1783 427 1848 iructus
442 1782 517 1846 inde
533 1783 739 1864 percipiatur,
757 1794 789 1847 et
801 1783 937 1865 juvenes
954 1783 986 1846 in
1002 1783 1096 1846 bonis
1114 1782 1259 1848 moribus
1275 1791 1307 1847 et
1321 1781 1392 1848 dis·

303 1883 431 1964 ciplinis
443 1882 632 1964 dirigantur,
648 1892 679 1946 et
690 1883 796 1947 cultus
809 1883 936 1947 divinus
948 1892 1118 1964 sugestum
1133 1883 1171 1945 ad
1185 1882 1387 1963 illaquoque,

302 1999 383 2064 quae
406 1981 493 2062 juxta
520 1997 678 2045 canonum
706 1981 850 2044 instituta
875 1983 955 2044 lacta
981 1981 1049 2045 iore
1072 1989 1262 2056 noscuntur,
1288 1980 1390 2045 robur

301 2080 470 2160 apostolici
484 2079 668 2142 muniminis
684 2078 868 2159 adjicimus;
887 2079 1024 2144 libenter
1040 2079 1143 2158 ipsius
1158 2077 1291 2142 loannis
1307 2095 1388 2160 sup·

301 2179 527 2260 plicationibus
540 2177 810 2248 inclinatiomnia
822 2185 854 2240 et
866 2177 991 2259 singula
1003 2178 1192 2258 praemissa,
1204 2179 1387 2257 sicutprae·

301 2277 447 2352 mittitur,
471 2284 598 2348 statuta,
625 2275 850 2348 stabilimenta,
875 2277 1032 2350 ordinata,
1057 2277 1186 2341 decreta
1208 2273 1384 2357 praedicta,

240 2387 243 2392 ·
299 2391 423 2440 necnon
450 2375 536 2438 circa
562 2390 644 2454 opus
667 2373 850 2453 huiusmodi
878 2383 940 2437 tarn
964 2374 1050 2455 piutn
1074 2373 1190 2450 fienda,
1207 2375 1384 2440 dummodo

298 2475 400 2538 saeris
416 2472 595 2537 canonibus
612 2489 673 2536 non
689 2472 830 2546 devient,
847 2473 951 2553 quoad
975 2473 1231 2553 praenominatas
1252 2474 1379 2548 domus,

296 2581 327 2637 et
353 2573 385 2636 in
412 2571 527 2636 iisdem
551 2587 609 2651 pro
633 2579 776 2650 tempore
800 2571 979 2650 respective
1002 2572 1168 2653 degentes,
1192 2571 1384 2637 auctoritate

296 2682 425 2736 nostrae
440 2669 622 2751 legationis,
640 2686 701 2750 qua
724 2669 886 2750 l'ungimur
909 2670 941 2733 in
958 2671 1018 2734 bac
1035 2680 1135 2750 parte,
1155 2679 1266 2736 tenore
1290 2687 1383 2751 prae·

295 2770 433 2834 sentium
458 2768 699 2840 conlirmamus,
725 2768 921 2834 ratificamus
945 2779 977 2834 et
997 2769 1227 2850 approbamus,
1253 2771 1385 2850 illisque

293 2868 489 2949 apostolicae
506 2868 665 2932 firmitatis
687 2867 787 2932 robur
801 2867 970 2947 adjicimus
984 2887 992 2942 ;
1016 2869 1204 2949 supplentes
1220 2886 1333 2934 omnes
1348 2877 1382 2934 et

294 2968 439 3048 singulos
455 2975 517 3030 tam
529 2967 613 3049 iuris
628 2983 722 3048 quam
739 2967 813 3030 tacti
837 2967 993 3038 delectus,
1011 2967 1109 3047 siqui
1133 2967 1266 3032 forsitan
1281 2969 1378 3032 inter·

292 3067 439 3132 venerint
453 3066 504 3130 vel
519 3065 730 3130 intervenient
752 3065 782 3127 in
799 3065 925 3140 iisdem,
943 3065 1062 3147 illaque
1078 3067 1186 3130 omnia
1206 3076 1238 3131 et
1252 3066 1380 3148 singula

292 3175 465 3246 perpetuae
492 3163 650 3228 llrmitatis
673 3164 771 3227 robur
796 3163 954 3239 obtinere,
982 3164 1089 3228 debite
1114 3165 1146 3228 in
1172 3164 1321 3230 omnibus
1348 3171 1381 3228 et

292 3264 481 3343 peremnia,
500 3263 632 3342 perinde
647 3279 684 3326 ac
700 3262 727 3326 si
744 3263 855 3327 literae
877 3263 1017 3342 desuper
1033 3263 1220 3343 hujusmodi
1244 3278 1382 3327 conces-

290 3363 382 3428 sione
393 3363 557 3428 conlectae
570 3363 687 3437 iorem,
700 3363 818 3442 illaque
830 3362 936 3425 omnia
949 3372 982 3426 et
993 3361 1119 3443 singula
1127 3362 1218 3442 iuxta
1232 3372 1375 3427 tenorem

289 3461 454 3526 literarum
477 3462 617 3542 desuper
637 3461 866 3536 consertarum,
884 3470 916 3526 et
937 3478 1020 3542 quae
1038 3461 1147 3525 lorsan
1170 3477 1228 3541 per
1251 3461 1379 3525 illarum

289 3571 491 3634 executores,
509 3559 562 3640 qui
583 3559 616 3622 in
632 3560 680 3624 eis
696 3560 841 3640 deputari
857 3559 1030 3632 debebunt,
1048 3567 1164 3622 statuta
1179 3568 1212 3623 et
1227 3559 1374 3623 ordinata

289 3657 437 3734 tuissent,
454 3659 660 3724 decernimus
675 3669 707 3724 et
722 3659 937 3724 declaramus.

329 3757 368 3820 Et
390 3757 609 3833 nibilominus,
636 3767 669 3822 ut
692 3757 859 3822 scholares
881 3765 914 3822 et
935 3757 1017 3820 aliae
1040 3772 1198 3836 personae
1220 3756 1253 3819 in
1276 3755 1373 3822 dictis

286 3855 436 3921 domibus
451 3857 610 3938 degentes·
628 3874 686 3936 pro
701 3857 866 3921 laboribus
888 3866 920 3921 et
934 3856 1051 3937 studiis
1074 3855 1193 3936 aliquid
1216 3857 1372 3936 deinceps

285 3955 453 4036 percipere
467 3971 504 4020 ac
520 3955 619 4037 magis
636 3957 736 4022 libere
750 3955 859 4021 studio
874 3965 906 4020 et
920 3955 1093 4020 eruditioni
1112 3971 1226 4019 vacare
1245 3965 1277 4020 et
1292 3955 1371 4019 dare

285 4069 416 4133 operam
431 4055 605 4120 virtutibus
628 4066 773 4136 possent,
791 4055 904 4120 eadem
926 4055 1117 4118 auctoritate
1139 4063 1269 4118 nostrae
1284 4055 1372 4135 lega-

286 4152 383 4216 tionis
412 4155 572 4230 volumus,
604 4154 809 4219 decerninus
837 4165 870 4218 et
900 4153 1111 4226 declaramus,
1143 4168 1181 4217 ac
1213 4162 1374 4233 perpetuo

285 4253 507 4330 concedimus,
524 4254 609 4336 quud
637 4253 817 4319 habitantes
839 4253 870 4316 in
887 4252 1036 4318 domibus
1062 4251 1235 4332 praedictis
1251 4259 1282 4316 et
1308 4250 1371 4314 rite
