3236 4952
744 491 929 554 -150-

292 671 421 738 dentem
447 687 520 736 oum
546 687 585 736 eo
615 672 653 735 ad
684 687 780 736 unum
811 687 930 735 annum
962 671 1177 752 dispensetur.
1209 669 1287 734 Item
1318 686 1382 734 non

291 771 401 836 licebit
426 770 455 835 ei
483 770 597 835 abesse
623 787 640 833 a
667 770 804 851 collegio
830 769 983 835 continue
1011 769 1092 834 ultra
1119 777 1257 850 quatuor
1283 771 1382 849 septi-

292 886 415 948 manas,
433 877 464 935 et
479 877 546 934 toto
563 885 647 934 anno
664 871 744 933 ultra
762 885 819 934 sex
839 870 1048 951 septimanas,
1064 869 1127 932 nisi
1142 885 1159 933 a
1177 867 1382 948 praesidente

291 977 323 1034 et
364 969 585 1034 visitatoribus
630 969 821 1032 unanimiter
867 969 1144 1034 consentientibus
1189 967 1377 1048 ampliorem

292 1067 474 1133 facultatem
500 1067 646 1147 accipiat,
675 1067 736 1131 sub
762 1084 863 1147 poena
891 1067 985 1132 unius
1017 1066 1130 1131 stuleri
1158 1083 1216 1148 pro
1243 1067 1380 1147 singulis

292 1165 419 1240 diebus,
435 1166 552 1247 ouibus
566 1166 647 1230 ultra
663 1165 776 1244 aberit,
792 1176 823 1230 et
839 1175 984 1247 tempore
996 1165 1160 1230 absentiae
1173 1181 1251 1230 suae
1266 1181 1381 1245 aequa·

291 1265 364 1329 liter
379 1265 513 1346 recipiet
528 1273 558 1330 et
574 1265 679 1330 solvet
694 1281 766 1329 curn
784 1266 1022 1346 praesentibus.

333 1369 433 1430 Porro
459 1365 491 1428 in
517 1381 577 1430 suo
607 1364 739 1428 introitu
771 1382 835 1431 non
866 1366 973 1430 licebit
998 1367 1027 1430 ei
1055 1366 1192 1446 amplius
1219 1364 1295 1428 dare
1321 1381 1379 1446 pro

291 1465 492 1530 recreatione
508 1481 638 1529 mensae
655 1480 748 1544 quam
765 1473 887 1544 septem
905 1466 1063 1540 stuleros;
1081 1464 1230 1529 similiter
1244 1463 1276 1526 in
1293 1464 1377 1528 exitu

292 1563 462 1644 acollegio
485 1580 548 1628 non
565 1563 675 1628 licebit
697 1563 726 1626 ei
742 1564 880 1644 amplius
905 1565 983 1629 dare
999 1581 1093 1645 uuam
1117 1563 1287 1628 duodecim
1312 1573 1385 1627 stu·-

291 1663 389 1728 leros,
408 1663 468 1726 nisi
487 1663 567 1727 forte
584 1662 681 1726 ditior
697 1663 800 1727 lactus
817 1663 859 1726 sit
874 1673 927 1728 aut
943 1663 1145 1744 splendidam
1162 1662 1379 1727 conditionem

291 1771 498 1836 consecutus,
517 1763 640 1826 ratione
656 1761 748 1842 cujus
765 1762 953 1842 praesidens
966 1763 1089 1844 iudicet
1104 1757 1177 1827 cum
1193 1779 1232 1827 eo
1248 1762 1380 1842 dispen-

291 1861 439 1936 sandum,
458 1870 491 1926 ut
506 1861 645 1942 amplius
662 1860 779 1942 aliquid
797 1861 990 1926 contribuat.

333 1958 552 2023 Praesidentis
578 1959 638 2024 erit
661 1975 786 2036 curare,
806 1969 837 2024 ut
863 1959 1001 2024 bursarii
1028 1960 1234 2025 concorditer
1259 1960 1377 2032 vivant,

292 2065 409 2122 statuta
426 2056 611 2130 observent,
625 2058 656 2120 in
671 2058 734 2122 vita
752 2068 783 2122 et
798 2058 943 2123 moribus
962 2057 1143 2138 proliciunt.
1161 2057 1238 2122 item
1252 2055 1378 2121 babebit

292 2155 466 2236 plenariam
485 2164 672 2235 potestatem
688 2157 935 2232 commensales,
954 2157 1088 2221 ancillas
1107 2165 1138 2221 et
1155 2156 1331 2229 ministros,
1349 2155 1378 2219 si

292 2254 344 2336 qui
363 2254 538 2319 necessarii
557 2254 686 2329 luerint,
704 2255 889 2320 assumendi
906 2265 937 2320 et
953 2255 1160 2330 destituendi,
1178 2254 1376 2329 accurandi,

294 2361 328 2416 ut
351 2361 480 2433 paretur
504 2354 640 2418 honesta
665 2354 770 2434 portio
794 2355 989 2436 pauperibus
1012 2354 1167 2418 studiosis
1189 2363 1221 2418 et
1244 2351 1379 2432 tempori

293 2468 453 2533 congruam
476 2460 645 2534 uteturque
668 2454 830 2518 communi
851 2471 975 2529 mensa,
993 2454 1055 2518 nisi
1079 2453 1256 2520 necessitas
1283 2453 1380 2516 inter-

293 2550 369 2614 dum
385 2551 470 2615 aliud
490 2551 605 2632 exigat.
626 2551 744 2616 Poterit
766 2553 859 2618 etiam
880 2554 1079 2634 negotiorum
1102 2561 1251 2634 gestores
1266 2552 1383 2615 domus

294 2658 326 2713 ct
355 2649 578 2714 bursariornm
609 2651 677 2715 suis
707 2660 738 2716 et
768 2650 988 2716 bursariorum
1020 2651 1202 2732 sumptibus
1234 2651 1384 2722 invitare,

295 2747 422 2828 quando
436 2748 593 2828 judicabit
609 2749 639 2812 id
657 2751 820 2829 expedire.

370 2963 413 3024 Dc
429 2961 562 3024 moribus
578 2971 605 3026 et
621 2965 850 3026 conuersatione
866 2981 982 3036 eornm,
1001 2965 1054 3044 poi
1069 2965 1101 3026 in
1116 2964 1173 3028 troc
1187 2964 1306 3042 [amilio

701 3063 980 3126 commorabuntur.

339 3220 479 3285 Bursarii
504 3225 564 3289 sub
591 3227 701 3288 boram
726 3225 867 3305 quintam
896 3243 952 3306 per
976 3227 1113 3308 aliquem
1136 3241 1153 3289 a
1179 3225 1382 3306 praesidente

297 3319 514 3399 deputandum
544 3324 781 3398 excitabuntur;
813 3325 1072 3406 tenebunturque
1108 3343 1145 3390 sc
1175 3333 1381 3406 praesentare

297 3421 480 3500 praeposito
499 3423 658 3487 currentis
682 3423 802 3487 mensis
818 3433 889 3488 ante
913 3425 1050 3489 medium
1069 3435 1177 3490 sextae
1201 3424 1261 3489 sub
1278 3439 1380 3504 poena

297 3519 390 3584 medii
408 3521 531 3586 stuleri.

337 3616 538 3700 Quapropter
553 3621 646 3685 etiam
665 3622 816 3686 nolumus
831 3639 888 3687 eos
904 3621 944 3686 iis
961 3623 1121 3699 noctibus,
1138 3621 1256 3703 quibus
1277 3622 1383 3686 solent

295 3719 480 3782 saeculares
519 3719 709 3784 insolentius
739 3722 893 3794 exultare,
926 3723 1030 3787 lacere
1066 3722 1189 3802 aliquas
1225 3719 1383 3784 notabiles

294 3815 497 3894 insolentias,
517 3830 549 3882 ut
566 3817 668 3898 pridie
684 3819 819 3893 Martini,
837 3821 972 3902 Regum,
990 3821 1138 3884 cinerum
1159 3830 1190 3884 et
1206 3818 1378 3894 similibus,

295 3914 353 3979 sed
369 3933 524 3980 summam
543 3917 731 3983 modestiam
755 3936 897 3992 servare,
917 3930 949 3984 ut
966 3919 1121 4000 postridie
1139 3918 1237 4000 parati
1261 3917 1326 3981 sint
1340 3916 1380 3979 ad

295 4027 332 4077 se
346 4017 612 4094 praesentandum
630 4025 661 4082 et
677 4017 783 4082 divina
799 4017 903 4084 officia
921 4019 1112 4099 peragenda.

337 4111 540 4178 Tenebuntur
563 4116 657 4179 etiam
681 4117 818 4198 singulis
833 4117 949 4182 diebus
973 4116 1105 4181 visitare
1123 4114 1280 4179 lectiones
1295 4111 1383 4178 ordi·

248 4253 250 4256 -
295 4210 402 4274 uarias
426 4223 488 4275 tam
509 4230 610 4279 novae
635 4233 729 4297 quum
745 4215 893 4297 antiquae
916 4215 1125 4288 fundationis,
1142 4213 1380 4294 disputationes
