3252 4954
739 455 924 520 -l83-

285 645 319 701 et
345 635 591 710 ordinationem,
608 655 681 703 cum
707 619 895 705 alteratione
922 647 953 702 et
975 635 1166 702 limitatione
1191 636 1286 700 etiam
1314 653 1375 717 pro

286 743 432 815 tempore
447 735 552 808 factis,
569 744 728 816 quatenus
742 754 759 801 a
776 739 879 802 sacris
895 735 1073 802 canonibus
1091 751 1153 798 non
1170 735 1374 808 deviassent;

286 850 412 900 necnon
438 844 504 900 tres
526 845 774 902 conservatores
790 838 851 902 sub
875 836 1005 901 nomine
1019 834 1183 915 dignitatis
1207 851 1265 915 pro
1282 850 1373 916 prae·

287 934 460 998 missorum
483 934 710 1000 observatione
734 937 934 1018 delegasset;
959 935 1025 1017 qui,
1041 935 1091 1000 vel
1116 949 1228 999 corum
1245 933 1322 1007 duo,
1339 933 1371 996 in

285 1031 368 1098 dicta
381 1033 477 1098 domo
490 1033 656 1097 scholares
670 1033 815 1113 recipere
828 1044 860 1098 et
872 1033 979 1101 minus
996 1034 1131 1098 idoneos
1143 1041 1174 1096 et
1186 1047 1375 1113 perversos,

283 1131 447 1212 inquietos
472 1143 503 1196 et
530 1131 768 1212 incorrigibiles
791 1150 941 1199 amovere
967 1133 1039 1198 sine
1063 1140 1242 1196 amoturum
1269 1130 1376 1213 aliqua

181 1295 186 1304 ,
284 1231 539 1295 contradictione
564 1247 621 1295 seu
648 1231 871 1312 oppositione;
902 1247 940 1296 ac
970 1247 1067 1296 unum
1094 1230 1282 1311 magistrum
1311 1247 1370 1294 seu

286 1329 486 1410 superiorem
511 1346 568 1410 pro
592 1330 736 1411 ipsorum
760 1331 955 1396 scholarium
981 1330 1111 1394 indicta
1132 1332 1229 1394 domo
1253 1329 1371 1410 degen-

285 1428 362 1492 tium
393 1428 597 1494 correctione
632 1439 663 1493 et
691 1429 905 1494 instructione
940 1429 1096 1509 deputare
1131 1427 1304 1502 haberent;
1335 1444 1374 1490 ac

285 1525 397 1591 iisdem
424 1527 640 1599 scholaribus,
666 1536 699 1592 ut
721 1528 925 1592 commodius
952 1527 1117 1592 literarum
1139 1525 1256 1592 studiis
1278 1541 1375 1591 vaca-1

284 1635 367 1700 reut,
386 1643 441 1706 per
457 1626 680 1707 presbyterum
696 1625 860 1700 idoneum,
877 1642 971 1708 quero
991 1625 1160 1692 duxissent
1174 1625 1372 1706 eligendum,

283 1723 315 1787 in
332 1725 595 1806 corumcapella,
612 1725 707 1789 etiam
729 1734 802 1790 ante
818 1725 914 1798 diem,
929 1725 1059 1789 missam
1076 1723 1234 1789 celebrari
1249 1724 1370 1798 facere,

283 1823 384 1888 libere
399 1840 438 1888 ac
454 1823 540 1888 licite
555 1825 711 1898 valerent,
726 1833 954 1897 concesserat.

324 1921 491 1987 Praefatus
511 1923 650 1988 loannes
676 1923 901 1988 concessionis
917 1923 1102 2004 hujusmodi
1126 1922 1250 2004 vigore,
1268 1921 1377 1987 literis

285 2019 425 2100 desuper
447 2022 577 2087 minime
600 2023 757 2088 corrfectis
784 2023 1029 2104 decerpamus,
1048 2031 1207 2104 tamquam
1234 2021 1371 2102 simplex

284 2125 316 2182 et
337 2135 433 2184 verus
457 2120 611 2198 Israelita,
629 2123 660 2184 in
684 2138 747 2203 quo
770 2122 864 2213 dulus
889 2139 951 2187 non
975 2131 1037 2196 est,
1055 2131 1086 2185 et
1108 2122 1191 2186 bona
1214 2119 1277 2184 fide
1296 2136 1370 2199 pro-

282 2219 381 2282 cessit
396 2220 434 2282 ad
451 2220 685 2285 ordinationem
698 2222 814 2286 domus
830 2231 863 2285 et
875 2222 1001 2302 collegii
1015 2219 1211 2301 hujusmodi,
1229 2227 1371 2300 olquam

282 2315 417 2396 plurima
433 2327 563 2394 statuta,
580 2320 802 2384 ordinationes
825 2329 858 2384 et
872 2319 1087 2384 stabilimenta
1110 2329 1142 2384 et
1157 2319 1217 2382 alia
1240 2318 1370 2383 decreta

282 2413 367 2479 fecit.
385 2415 527 2490 Quorum
541 2417 621 2482 haec
636 2427 712 2488 suut
729 2418 899 2498 praecipua
921 2435 928 2481 :

322 2514 482 2594 imprimis
497 2516 598 2580 voluit
614 2528 646 2580 ct
670 2517 831 2580 ordinavit
849 2517 956 2581 dictus
970 2517 1125 2590 loannes,
1144 2514 1228 2597 quod
1253 2514 1374 2580 domus

279 2613 495 2690 subalternae,
513 2631 594 2696 quae
617 2615 734 2680 ibidem
762 2633 820 2680 seu
843 2617 917 2680 alibi
943 2633 999 2695 per
1025 2615 1130 2696 ipsum
1158 2613 1312 2679 loannem
1336 2621 1373 2678 et

278 2729 490 2778 successores
520 2731 611 2786 suos,
639 2714 743 2779 dictae
773 2715 889 2779 domus
920 2724 1179 2788 conservatores.
1210 2723 1366 2786 rectores,

277 2809 462 2874 visitatores
485 2821 516 2876 et
531 2812 613 2875 alios
636 2813 825 2877 fundatores
852 2813 892 2877 de
909 2830 993 2878 novo
1017 2813 1229 2876 fundarentur
1247 2821 1279 2875 el
1301 2809 1368 2890 jam

281 2909 430 2974 fundatae
453 2922 575 2986 essent,
602 2911 841 2993 subjicerentur
864 2911 973 2976 domui
999 2929 1057 2976 seu
1084 2911 1222 2992 collegio
1250 2909 1366 2974 Montis

281 3009 372 3072 Acuti
390 3008 593 3074 parisiensis.
612 3009 711 3086 Quam
734 3012 862 3091 quidem
879 3010 1008 3075 domurn
1032 3011 1158 3090 insigne
1175 3009 1368 3074 Parisieusis

281 3108 438 3173 ecclesiae
453 3111 640 3189 capitulum,
657 3127 839 3191 supeream
857 3111 1073 3175 omnimodam
1088 3109 1212 3174 habeus
1227 3109 1366 3174 auctori·

281 3215 388 3284 tatem,
404 3224 526 3272 morum
540 3219 571 3274 et
583 3209 753 3274 laudabilis
766 3210 850 3274 vitae
863 3209 1098 3290 praedictorum
1111 3208 1225 3274 intuitu
1240 3223 1365 3272 necnon

247 3317 249 3320 ·
278 3308 549 3386 augmentationis
575 3307 811 3385 aedificiorum,
839 3325 937 3389 supra
964 3309 1104 3373 valvtrem
1131 3315 1205 3372 octo
1232 3305 1365 3369 millium

276 3402 470 3478 francorum,
502 3417 534 3470 et
568 3406 740 3470 multorum
776 3406 958 3470 reddituum
992 3415 1023 3470 et
1060 3413 1271 3488 proventuum
1306 3418 1367 3484 per

277 3500 396 3566 dictum
419 3503 573 3568 loannem
596 3505 700 3568 dictae
727 3505 848 3580 domui,
868 3514 944 3570 tunc
960 3506 1063 3570 ruenti
1090 3513 1122 3568 ct
1148 3504 1268 3585 primae
1291 3503 1363 3566 fun-

279 3599 418 3665 dationis
456 3603 665 3682 proventibus
699 3603 851 3683 privatae‚
887 3619 1000 3684 magna
1038 3620 1110 3667 cum
1146 3600 1369 3666 sollicitudine

279 3697 329 3778 pie
353 3711 553 3778 procuratae,
572 3701 603 3764 in
632 3711 819 3782 perpetuum
847 3691 1032 3768 eorumdem
1057 3718 1232 3783 pauperum
1257 3716 1366 3776 usumr

278 3804 310 3860 ut
336 3797 428 3878 petiit
458 3797 542 3862 idem
570 3797 722 3872 loannes,
758 3801 905 3864 contulit.
941 3801 978 3864 bt
1009 3801 1148 3883 priorem
1181 3799 1363 3864 carthusiae

272 3910 375 3976 prope
400 3895 542 3959 Parisios
570 3913 626 3976 per
653 3897 861 3976 praecipuum
889 3899 992 3980 ipsius
1022 3900 1138 3964 domus
1167 3899 1360 3972 dotatorem,

274 3992 438 4058 domiuum
456 3995 650 4060 hudovicum
677 3996 717 4060 de
731 3997 880 4072 Graville‚
899 3997 994 4080 hujus
1021 3999 1121 4063 nostri
1139 3999 1228 4080 regni
1256 3997 1365 4063 arohi-

274 4096 432 4160 marinum
448 4097 497 4174 (lt.
515 4097 589 4176 eligi
609 4099 772 4162 concessit
795 4099 827 4161 in
844 4099 988 4179 ipsorum
1011 4117 1186 4181 pauperum
1211 4115 1366 4180 praeseu-

315 4275 352 4349 (l)
372 4278 498 4348 foppens
511 4295 528 4332 a
542 4279 571 4332 lu
584 4283 759 4334 errondmsul
771 4285 971 4336 archloara'um.
