3248 4954
701 472 865 534 ..152

278 653 309 716 Si
326 652 386 716 alia
402 651 575 717 occasione
591 651 686 716 delur·
701 651 810 716 eadem
828 652 974 727 facultas,
994 651 1070 715 fiant
1091 667 1203 732 preces
1220 651 1326 716 hieme

239 755 316 818 ltora
334 753 482 832 septima,
499 761 610 816 ostatu
626 751 732 816 medio
750 753 908 832 septimae.

280 852 318 914 ll.
345 851 401 916 llic
427 851 684 932 compositionis,
713 851 820 916 studio
849 851 1026 934 quadrante
1056 859 1129 913 ante
1160 851 1329 930 septimam

242 951 343 1024 linito,
357 950 537 1032 jentabunt.
557 949 661 1014 lledio
685 958 806 1014 octavae
830 950 980 1014 intersint
995 949 1093 1012 Sacro
1112 972 1119 1011 :
1137 950 1216 1012 hora
1233 949 1331 1013 unde-

238 1051 320 1112 eima
342 1049 498 1114 carebunt
521 1049 643 1122 studio·
660 1049 809 1128 pransuri
837 1049 999 1112 dumtaxat
1023 1050 1101 1112 hora
1126 1047 1328 1125 duodecima,

238 1166 300 1228 qua
316 1149 429 1230 singuli
448 1147 610 1212 debebunt
624 1165 718 1212 suum
735 1149 841 1211 tltema
859 1147 1035 1227 professori
1050 1145 1233 1211 tradidisse.
1253 1147 1331 1211 Post

241 1247 406 1310 meridiem
420 1247 531 1311 schola
546 1245 674 1311 linietur
687 1247 765 1310 hora
781 1247 873 1310 tertia
891 1269 899 1308 ι
918 1247 1027 1326 quinta
1042 1245 1216 1309 studebunt
1229 1263 1331 1327 usque

242 1347 432 1410 adsertam.

282 1444 335 1507 xl.
353 1444 463 1508 lllense
475 1445 600 1509 octobri
614 1453 645 1509 et
657 1445 761 1519 apriti,
776 1446 851 1509 dum
866 1444 1079 1525 praelegcntur
1092 1444 1198 1524 leges,
1213 1460 1332 1508 conce-

241 1545 335 1608 detur
346 1543 542 1624 colloquium
556 1559 573 1606 a
586 1543 691 1608 medio
705 1553 827 1625 quartae
842 1561 943 1624 usque
956 1544 993 1606 ad
1007 1542 1168 1624 quintarn;
1183 1541 1333 1607 similiter

242 1643 272 1705 in
290 1642 513 1706 anniversario
529 1642 567 1704 D.
585 1643 624 1706 de
642 1642 816 1706 Laderiret
829 1641 970 1706 Gilis:in
987 1641 1209 1706 anniversario
1225 1649 1331 1706 autem

246 1743 282 1803 l).
299 1743 366 1804 Van
384 1742 488 1805 llecke
506 1749 578 1821 post
594 1741 726 1806 Sacrum
744 1750 808 1805 tota
825 1742 877 1805 die
892 1741 984 1805 venia
1002 1741 1050 1818 tl).

286 1840 355 1903 Xll.
381 1839 462 1904 Dum
490 1848 539 1904 est
566 1841 658 1904 venia
685 1841 949 1910 extraordinaria.
978 1839 1087 1904 licebit
1115 1841 1202 1904 exire
1229 1839 1334 1904 medio

244 1941 395 2004 secundae
424 1957 431 2002 :
461 1941 565 2005 hieme
589 1947 793 2004 revertantur
820 1939 925 2003 rnedio
951 1939 1085 2020 quintae,
1114 1948 1226 2004 aestate
1255 1940 1335 2002 lrora

245 2040 367 2120 quinta,
400 2039 535 2103 habituri
576 2040 716 2104 studium
753 2056 855 2119 usque
884 2039 922 2102 ad
948 2055 1085 2102 coenam.

285 2137 476 2202 Gaudebunt
504 2145 609 2203 autem
643 2138 735 2202 venia
766 2137 1033 2212 extraordinaria,
1068 2147 1141 2216 post
1171 2137 1336 2202 meridiem

245 2247 379 2311 tantum,
394 2237 532 2318 singuiis
549 2238 715 2301 mensibus
730 2238 849 2312 semel;
868 2237 920 2300 die
937 2237 1032 2300 natali
1047 2237 1204 2316 principis
1218 2236 1335 2317 Belgii;

245 2337 296 2402 die
312 2337 480 2402 electionis
498 2338 637 2402 rectoris
654 2337 826 2418 magnifici,
845 2347 876 2401 et
894 2337 1007 2400 decani
1026 2337 1185 2401 facultatis
1201 2336 1335 2410 artinm;

247 2435 403 2518 postridie
432 2435 486 2500 SS.
519 2435 700 2507 Trinitatis;
733 2451 791 2515 pro
822 2444 996 2500 maeoenate
1026 2435 1082 2513 (⁸2);
1115 2451 1173 2514 pro
1202 2444 1336 2515 patrono

249 2535 283 2596 ll.
302 2535 461 2614 regentis;
487 2534 518 2596 in
536 2535 674 2598 decessu
691 2536 727 2596 [l.
746 2535 897 2616 regentis,
917 2534 1125 2614 professoris,
1144 2544 1199 2597 aut
1221 2534 1335 2597 subre-

246 2632 371 2712 gentis;
389 2632 465 2696 item
483 2649 540 2711 pro
556 2633 695 2697 adventu
713 2631 783 2712 cius
800 2633 1017 2696 successoris.

290 2731 345 2796 llie
374 2731 514 2796 licentiae
544 2731 582 2808 (3)
618 2730 805 2795 eorumdem
842 2731 1057 2795 celebrabitur
1087 2731 1219 2795 Sacrum
1257 2731 1336 2794 hora

248 2839 376 2906 octava;
405 2829 519 2894 deinde
545 2829 703 2894 vacabunt
727 2838 791 2893 tota
818 2829 871 2894 die
895 2851 902 2891 :
929 2841 1040 2910 postea
1064 2830 1169 2894 adhuc
1195 2829 1338 2894 semela

250 2929 394 2993 meridie.

289 3027 374 3091 lllll.
398 3027 430 3090 Si
448 3027 574 3092 Primus
601 3027 633 3090 in
649 3026 771 3090 artibus
789 3027 826 3103 (ll
850 3025 881 3087 in
901 3025 962 3089 hoc
984 3025 1157 3105 Gymnasio
1180 3025 1339 3092 audiverit

284 3224 322 3295 (1)
343 3225 381 3278 De
396 3224 550 3287 Laderidre,
568 3223 637 3277 Gilia
651 3227 678 3276 ol
693 3223 753 3276 Van
770 3221 862 3278 llecke
876 3223 978 3278 etatem
991 3223 1025 3276 de
1037 3225 1141 3292 grands
1158 3223 1338 3278 biensaileurs

248 3316 284 3368 du
298 3316 415 3384 college,
431 3321 459 3370 et
471 3334 489 3386 y
503 3315 613 3370 avaient
627 3315 677 3368 fail
689 3315 737 3368 des
751 3315 917 3369 fondatione.

285 3407 321 3476 (tt
340 3407 453 3478 chaque
466 3411 553 3460 annae
566 3423 621 3460 une
635 3423 771 3477 personne
792 3405 951 3474 generense,
968 3407 1015 3478 qui
1030 3407 1244 3462 ordinairemenl
1262 3406 1339 3460 avait

249 3497 299 3551 tait
318 3515 361 3550 ses
380 3495 478 3551 titudes
498 3515 533 3550 au
555 3497 661 3565 college
681 3497 715 3550 de
743 3497 770 3549 ln
789 3495 1082 3552 Tres-Sainte-Tm'nile
1102 3515 1138 3551 ou
1158 3517 1175 3569 y
1195 3498 1269 3552 avait
1293 3515 1338 3551 on-

249 3586 353 3656 seignt'a,
370 3588 463 3642 laisait
482 3587 585 3642 cadeuu
606 3589 639 3642 do
653 3593 715 3641 tous
736 3588 775 3640 les
788 3605 921 3657 ouvrages
936 3587 1057 3643 desllnes
1077 3590 1163 3642 aetra
1182 3587 1287 3644 donnes
1306 3605 1340 3644 en

252 3678 323 3748 prin.
340 3679 416 3732 Getta
431 3695 565 3750 personne
578 3677 645 3734 etate
658 3678 772 3749 appelde
787 3681 813 3734 le
827 3697 961 3734 moecenas
974 3681 1008 3734 de
1022 3681 1137 3735 l'annee.

287 3768 323 3840 (3)
342 3771 407 3823 Dies
421 3775 546 3834 licentiae,
565 3771 590 3825 le
600 3773 666 3840 jour
678 3774 714 3824 oia
728 3770 763 3823 ils
778 3771 921 3840 prenaienl
940 3773 966 3826 le
980 3773 1066 3840 grado
1079 3773 1113 3826 de
1126 3772 1250 3828 licencia.

288 3860 324 3932 (tt
344 3861 381 3916 Le
401 3861 518 3916 Primus
542 3867 572 3914 in
591 3866 698 3915 ortibus
718 3860 787 3915 oluit
808 3862 881 3915 celui
905 3863 953 3933 qui
978 3862 1140 3932 romportait
1160 3865 1187 3917 la
1207 3864 1342 3933 premiere

252 3950 328 4020 place
341 3969 377 4005 eu
391 3969 523 4006 concours
537 3951 650 4022 general
675 3951 709 4006 de
723 3951 908 4023 philosophie.
925 3953 962 4007 Co
975 3969 1108 4006 concours
1121 3953 1195 4006 avait
1208 3951 1263 4006 lieu
1285 3961 1301 4007 a
1315 3955 1343 4008 la

252 4041 290 4094 lin
303 4041 337 4094 de
350 4041 377 4096 la
390 4043 508 4097 secondo
520 4041 608 4096 annea
621 4041 743 4097 d'dtudes
755 4047 833 4097 entre
847 4044 887 4097 les
900 4041 990 4098 eleves
1004 4045 1052 4098 des
1065 4049 1162 4115 quatro
1177 4043 1343 4115 pedagogies

252 4131 286 4185 da
299 4131 327 4185 la
340 4131 441 4186 laculld
455 4134 503 4187 des
516 4139 583 4188 aris.
599 4135 641 4188 On
655 4133 788 4189 celebrail
800 4135 849 4188 des
862 4137 939 4200 iales,
956 4153 990 4190 en
1002 4133 1148 4190 l’honneur
1161 4137 1197 4189 du
1213 4137 1342 4208 Primus,

182 4279 188 4290 ,
253 4227 312 4276 lant
327 4229 342 4276 a
357 4224 481 4279 Lonvain
494 4242 548 4297 qua
561 4225 630 4280 dano
645 4243 695 4281 son
710 4226 764 4281 lien
781 4227 867 4293 nutat,
883 4233 929 4292 olr,
945 4227 1123 4292 d'ordinaire‚
1139 4245 1173 4282 on
1189 4227 1229 4282 lui
1250 4227 1343 4283 faisail
