3158 4952
675 425 714 436 -
737 389 860 453 353-

215 566 335 639 denda.
355 567 450 633 modo
472 586 537 634 uon
561 569 755 645 excedenda,
782 570 925 651 petitioni
941 571 978 648 (l)
995 569 1116 635 domini
1133 571 1307 652 presentati

213 677 437 732 concernente
447 667 672 732 remissionem
683 670 975 750 pensionisdomus
986 669 1309 750 pedagogfalfssalva

221 765 376 830 relatione
398 766 542 831 facienda
565 766 604 830 ad
628 767 821 834 facultatem.
839 772 929 845 flora,
947 768 1027 843 vllf,
1046 769 1100 833 fol.
1118 769 1158 831 55
1175 776 1203 832 50
1218 779 1250 834 55
1264 780 1310 834 v0.

264 899 320 962 ttfe
327 901 418 979 jovis,
434 918 502 963 555
517 904 632 964 meracis
647 904 771 982 capucii
787 901 879 974 5555,
896 901 1012 964 5555555
1030 901 1088 965 fuit
1103 900 1312 982 congregatio

219 997 394 1072 facultatis,
409 998 487 1061 bora
499 997 634 1070 decima,
651 999 681 1061 in
699 999 821 1063 sobolis
838 1000 965 1076 artium,
980 1000 1019 1062 ad
1037 998 1232 1064 audiendum
1249 999 1312 1080 legi

214 1095 441 1160 ordinationes
454 1095 524 1160 sive
538 1107 717 1176 conceptus
734 1099 834 1162 factos
851 1099 934 1162 iuter
949 1097 1193 1162 commissarios
1211 1095 1310 1162 facul-

218 1195 294 1259 tatis
316 1204 348 1259 et
370 1196 558 1275 magistrum
582 1195 711 1260 Petrum
734 1196 831 1262 llorel
856 1197 896 1261 55
915 1196 1111 1260 Gundicuria
1134 1213 1234 1276 super
1257 1211 1308 1260 re·

217 1293 325 1373 gentia
348 1295 514 1375 pedagogii
539 1294 689 1360 Falconis
713 1296 930 1376 suscipienda,
948 1305 980 1360 et
1003 1296 1041 1358 ad
1066 1293 1310 1360 deliberandum

219 1391 372 1472 desuper,
390 1409 429 1456 an
448 1393 604 1473 placeant.

263 1489 358 1556 Lacte
376 1491 504 1556 fuerunt
516 1493 739 1558 ordinationes
755 1503 787 1557 et
804 1493 1003 1574 placuerunt,
1017 1502 1048 1558 et
1060 1492 1181 1557 domini
1197 1508 1312 1573 appro-

220 1589 338 1654 barunt
353 1590 457 1654 dictas
472 1589 690 1656 ordinationes
707 1592 776 1657 sive
792 1601 981 1671 conceptus.
1000 1592 1175 1657 Voluerunt
1190 1601 1308 1665 tamen,

223 1697 256 1752 ut
271 1705 324 1752 res
339 1689 426 1752 omni
443 1706 482 1754 ex
498 1699 588 1770 parte
604 1690 726 1754 firmior
742 1689 951 1766 esset,dictos
966 1698 1143 1770 conceptus
1157 1688 1188 1752 in
1205 1689 1307 1770 stipu-

219 1786 372 1852 lationem
395 1788 511 1852 deduci
534 1805 591 1870 per
612 1787 728 1870 Cogge,
753 1789 927 1864 notarium;
955 1789 1040 1870 quod
1068 1788 1163 1853 bodie
1190 1789 1308 1853 factum

218 1893 281 1950 est.
305 1885 341 1950 fn
364 1886 486 1950 domini
508 1887 707 1951 admiserunt
729 1904 802 1951 eum
824 1889 863 1952 55
887 1888 1057 1969 legendam
1080 1895 1111 1952 et
1134 1887 1307 1968 regentium

217 1981 296 2048 dicti
324 1983 491 2066 pedagogii
510 1985 658 2051 Falconis
683 1986 761 2068 xxij·
781 1985 923 2050 octobris
947 1986 1011 2067 jam
1035 1987 1179 2067 proxime
1205 1986 1309 2050 susci-

220 2082 381 2162 piendam.

384 2231 518 2297 Articuli
534 2233 743 2297 conductionis
759 2234 897 2314 mopistri
915 2234 1000 2296 Petri
1011 2234 1143 2298 llorelii.

258 2381 352 2444 Auno
367 2396 385 2443 a
401 2379 570 2446 Nativitate
588 2382 712 2446 bomini
741 2382 911 2446 millesimo
935 2379 1193 2462 quingentesimo
1217 2380 1309 2461 quiu-

216 2479 407 2560 quagesimo
419 2479 544 2559 quinto,
557 2480 678 2544 mensis
691 2482 817 2560 augusti
831 2479 883 2544 die
891 2479 977 2560 jovis
990 2497 1074 2553 5555,
1085 2479 1207 2543 domiui
1220 2495 1308 2543 com·

220 2577 358 2641 missorii
382 2577 556 2652 facultatis,
575 2578 723 2644 videlicet
748 2579 898 2661 magister
922 2579 1078 2643 ilenricus
1099 2577 1245 2640 Horltens
1268 2579 1308 2641 de

218 2675 302 2740 Belia
319 2685 351 2740 et
365 2675 480 2752 Greve,
498 2677 643 2742 bodellus
662 2678 833 2753 facultatis,
851 2678 889 2740 ad
907 2678 969 2740 boc
986 2675 1082 2740 bodie
1109 2692 1165 2755 per
1181 2675 1310 2738 faculta-

220 2783 281 2839 tem
305 2775 459 2854 deputati,
484 2783 702 2841 tractaverunt
727 2793 800 2841 cum
823 2775 954 2840 domiuo
982 2785 1012 2840 et
1035 2773 1189 2855 magistro
1217 2773 1311 2838 Petro

216 2871 315 2937 llorel
341 2875 382 2938 de
407 2874 603 2938 Gundicuria
631 2892 729 2954 super
756 2875 897 2956 regentia
925 2873 1092 2954 pedagogii
1120 2872 1309 2936 Falconisa

216 2971 301 3036 dicta
325 2973 475 3038 facultate
499 2973 706 3054 suscipienda
732 2974 763 3036 in
783 2975 881 3048 lrune,
899 2974 951 3053 qui
976 2971 1134 3052 sequitur,
1152 2969 1307 3035 modum:

257 3071 293 3134 ln
310 3073 434 3152 primis,
451 3073 535 3153 quod
553 3073 658 3137 dictus
674 3073 826 3136 dominus
850 3083 881 3136 et
898 3071 1050 3152 magister
1066 3071 1179 3134 Petrus
1204 3069 1307 3133 susci-

217 3169 280 3250 piet
296 3187 313 3232 5
330 3170 479 3235 facultate
492 3173 668 3252 regentiam
682 3172 758 3235 dieti
772 3171 952 3252 pedagoga,
967 3170 1119 3250 illamque
1131 3168 1308 3232 secundum

215 3277 331 3332 statuta
349 3269 492 3350 ejusdem
509 3271 668 3334 facultatis
685 3288 744 3335 suo
757 3287 856 3335 onere
873 3287 910 3334 ac
927 3271 1017 3334 lucro
1034 3267 1240 3332 laudabiliter
1251 3266 1307 3329 ad·

216 3367 410 3431 ministrabit
426 3377 457 3432 et
469 3367 617 3433 familiam
631 3371 706 3432 dicti
722 3370 889 3451 pedagogii
907 3367 1113 3433 interteoebit
1128 3382 1215 3430 more
1231 3364 1306 3429 boni

216 3467 369 3548 regentis,
385 3467 510 3547 sibique
525 3468 566 3532 de
579 3469 772 3533 utensilibus
788 3469 827 3532 ad
840 3471 902 3533 boc
919 3466 1113 3532 necessariis
1128 3463 1308 3546 providebit

213 3564 337 3646 absque
353 3582 453 3630 onere
470 3565 642 3631 facultatis.

257 3666 415 3739 55555555,
439 3666 524 3744 quod
552 3665 656 3730 dictus
680 3667 832 3748 magister
860 3668 971 3730 Petrus
995 3663 1175 3730 octodecim
1203 3677 1306 3726 annos

213 3764 387 3828 continuos
409 3780 426 3826 a
450 3765 501 3828 die
524 3782 583 3830 sue
605 3767 988 3846 administrandisque
1011 3765 1072 3828 5555
1093 3762 1171 3842 xxij·
1186 3759 1307 3825 mensis

211 3861 358 3926 octobris
383 3863 526 3942 proxime
542 3865 656 3938 futuri,
681 3865 883 3945 incipiendus
908 3866 1003 3928 modo
1024 3863 1167 3943 predicto
1191 3873 1305 3940 repen-

213 3959 286 4024 55555
303 3960 514 4037 continuabit,
533 3946 622 4028 s'afvo
639 3965 723 4044 quod
742 3964 877 4027 liberum
894 3963 956 4028 erit
973 3972 1035 4026 tam
1052 3958 1192 4025 facultati
1209 3973 1305 4038 quam

250 4139 288 4212 (l)
308 4123 468 4210 Legenduru
482 4140 590 4195 videtur
600 4147 740 4206 pettttonc.
