3202 4948
690 427 875 492 -233-

235 615 267 673 et
282 606 438 682 claritate,
455 606 524 671 sive
539 607 686 688 privatim
708 606 740 670 in
755 615 849 672 coetu
867 605 1012 681 fratrum,
1029 606 1098 672 sive
1120 605 1248 686 puhlioe
1264 622 1325 688 pro

235 705 393 771 concione
422 705 461 769 ad
488 706 641 787 papulum
667 705 716 770 vel
743 705 783 768 ad
806 706 928 771 clerum
954 705 1077 772 solebat
1100 714 1323 780 enarrarent

236 805 331 870 etiam
347 805 452 870 doctis
469 804 627 887 theologis
644 805 758 870 merito
777 814 865 870 esset
881 805 1095 870 admirationi.
1113 803 1188 870 Erat
1203 804 1320 870 nihilo·

236 903 344 968 minus
368 914 430 968 tam
446 904 564 985 insigni
587 903 740 968 scientiae
762 903 932 984 conjuncta
956 921 1020 968 non
1037 903 1142 967 minor
1158 903 1323 968 humilitas

236 1011 331 1084 atque
362 1003 530 1072 modoetia,
561 1003 603 1066 oh
636 1019 729 1084 quam
767 1019 870 1084 aequa
903 1005 1028 1069 eunctis
1057 1013 1126 1068 erat
1160 1003 1318 1069 amabilis.

235 1100 377 1166 Subesse
407 1101 516 1165 maluit
544 1117 639 1183 quam
669 1117 838 1182 praeesse;
866 1105 992 1167 tametsi
1024 1119 1087 1166 non
1116 1117 1245 1184 semper
1274 1102 1320 1165 illi

236 1200 385 1281 potuerit,
404 1200 490 1281 quod
514 1201 690 1275 maluisset,
711 1202 916 1283 contingere;
934 1202 1094 1283 siquidem
1118 1209 1150 1266 et
1172 1201 1321 1283 guardia-

235 1309 339 1374 natus‚
367 1299 537 1382 aliquando
567 1309 598 1364 et
628 1299 871 1374 ministeriatus,
890 1301 1030 1380 pondera
1057 1300 1160 1365 sensit
1186 1299 1319 1365 invitus.

199 1398 202 1404 '
234 1398 388 1464 Patientia
399 1400 559 1480 podagrae
570 1407 601 1464 et
613 1399 779 1481 chiragrae
793 1416 963 1480 gerannus
977 1400 1094 1464 multos
1107 1399 1209 1464 inerat
1221 1415 1319 1482 supra

236 1499 377 1562 modum.
412 1497 626 1562 Nihilominus
662 1497 694 1560 in
724 1497 842 1562 lihrum
868 1497 1033 1563 Geneseas
1069 1495 1320 1563 commentarios

235 1596 407 1660 admodum
434 1597 579 1661 eruditos
604 1596 637 1659 in
664 1597 856 1662 Luraniensi
885 1606 996 1662 nostro
1014 1605 1174 1662 conventu
1193 1595 1321 1677 publice

235 1695 407 1768 enarravit,
430 1705 462 1760 et
481 1711 577 1777 aegre
598 1695 770 1760 admodum
793 1697 909 1774 (scriba
929 1696 1116 1776 excipiente)
1140 1695 1272 1761 dictavit
1290 1717 1317 1758 a.

234 1789 344 1867 Funus.
362 1793 581 1869 Trasumennus,
599 1793 736 1877 Epistola
750 1795 973 1877 narrcapatoria
989 1795 1123 1858 chronici
1137 1796 1215 1875 ejus.

278 1915 291 1951 a
310 1891 381 1956 Fuit
404 1893 526 1973 orimus
547 1893 689 1958 minister
712 1903 785 1975 post
808 1894 1067 1958 reformationem
1089 1893 1272 1975 provinciae
1288 1917 1317 1957 a.

233 1990 386 2067 Mortuus,
402 1993 544 2056 Historia
558 1994 810 2068 hanoniensem,
829 1993 852 2066 l,
868 2009 899 2073 p.
916 1992 989 2056 155.

281 2090 327 2156 lte
344 2091 475 2172 scriptis
489 2091 624 2156 Amandi
641 2092 681 2157 de
696 2092 854 2156 Zieriuzea
876 2090 998 2156 videsis
1013 2091 1045 2155 S.
1064 2093 1167 2166 Draus,
1184 2093 1323 2158 Histoire

232 2189 380 2254 tarmen-e
394 2197 424 2253 et
438 2189 697 2272 hihtiagraphiqua
707 2191 760 2254 des
775 2192 887 2255 Frdrcr
898 2192 1039 2256 Miuears
1056 2192 1094 2254 de
1108 2191 1126 2256 i
1131 2191 1322 2256 Ohseruauae

234 2305 271 2354 ert
285 2287 443 2370 Belgicae,
461 2305 514 2369 pa.
533 2288 573 2352 38
589 2298 620 2354 et
636 2288 688 2353 39.

273 2441 428 2506 Martinus
455 2439 519 2504 Van
537 2440 592 2502 der
613 2439 717 2515 Keele,
733 2439 841 2506 dictas
859 2459 878 2504 a
897 2440 1066 2517 rutatum,
1083 2439 1184 2504 lector
1206 2455 1319 2506 saarae

233 2538 414 2619 theologiae
439 2537 478 2601 ah
502 2554 587 2602 anno
610 2537 703 2601 lato,
727 2539 773 2604 De
795 2555 834 2604 eo
849 2539 970 2604 videsis
993 2538 1120 2613 Panum,
1142 2538 1316 2614 thar‘ras,

231 2637 285 2702 ed.
302 2637 334 2700 in
351 2636 438 2710 lolio,
457 2635 495 2710 ll,
514 2652 546 2716 p.
563 2635 634 2698 aar.

273 2783 452 2848 duorardus
467 2783 611 2858 Bovario,
625 2783 727 2848 lector
742 2799 854 2849 sacrae
871 2785 1051 2866 theologiae
1066 2784 1105 2848 ah
1121 2801 1206 2849 anno
1222 2783 1313 2848 tels,

274 2935 454 3072 ⁶‘Fraudatus
472 2934 695 3011 lisimachus,
712 2934 813 3000 lector
839 2951 951 3000 sacrae
973 2935 1156 3016 theologiae
1177 2936 1216 2999 ah
1231 2951 1318 3002 auno

233 3033 506 3197 151)(ἶῖ01001100
528 3131 728 3197 Titelmanno
752 3133 822 3198 lose
844 3133 909 3215 agit
925 3133 1052 3207 Paouor,
1068 3133 1244 3205 hiemares,
1262 3133 1316 3198 ed.

230 3230 262 3295 in
287 3230 374 3306 lolio,
393 3229 433 3303 ll.
458 3247 511 3311 po.
536 3229 685 3297 sos-sta.
702 3231 782 3298 Vide
803 3232 897 3297 etiam
919 3231 993 3296 a-t.
1012 3232 1193 3308 Teourssan,
1210 3233 1318 3296 Nattae

229 3347 284 3393 sar
298 3331 329 3394 ta
344 3331 391 3393 oie
406 3336 435 3392 ct
450 3329 493 3392 tes
507 3329 596 3392 demta
618 3330 655 3393 da
669 3330 816 3406 Fraauois
834 3329 1012 3407 Titatmaos,
1031 3331 1062 3394 in
1080 3331 1211 3395 Ballatha
1233 3332 1271 3394 de
1285 3330 1317 3393 la

227 3429 342 3494 saaidtd
354 3429 542 3510 amentifiqaa
557 3435 585 3491 et
598 3428 743 3492 littdraire
757 3429 799 3492 da
813 3429 992 3510 Limhaarg,
1011 3428 1036 3506 l,
1051 3446 1105 3510 pp.
1121 3428 1271 3492 lod-230.

273 3595 393 3660 Tacitus
408 3593 556 3659 Nicotaus
578 3597 698 3677 Zagora,
716 3595 948 3672 Bruxellensis,
965 3595 1068 3661 lector
1090 3612 1201 3661 sacrae
1223 3595 1317 3661 theo·

229 3692 334 3775 lagiae
349 3693 389 3757 ah
404 3709 489 3758 anno
506 3693 586 3758 1536
605 3695 644 3759 ad
661 3695 752 3760 lats.
1224 3683 1226 3688 ’

274 3794 315 3857 lte
333 3807 372 3856 eo
388 3791 459 3857 lusa
480 3792 546 3874 agit
562 3793 689 3870 Prouor,
707 3794 880 3870 Mamoiras,
897 3793 949 3861 ed.
967 3793 1001 3858 in
1023 3791 1112 3868 lolio,
1130 3791 1155 3868 1,
1173 3809 1227 3875 po.
1245 3791 1315 3860 l-3.

270 3955 411 4020 Adamas
428 3956 586 4040 Delphina,
603 3975 715 4024 sacrae
737 3959 918 4042 theologiae
932 3959 1035 4026 lector
1055 3957 1095 4024 ah
1110 3974 1194 4024 anno
1220 3955 1314 4022 talo.

231 4055 274 4120 lle
304 4055 376 4135 ipso
405 4063 514 4120 narrat
547 4057 712 4139 antiquum
748 4059 920 4140 registrum
957 4065 1031 4122 aute
1067 4057 1252 4139 ingressum
1281 4055 1316 4120 ia

225 4152 375 4218 ordinem
399 4152 501 4219 luisse
526 4169 638 4221 sacrae
660 4155 843 4239 theologiae
864 4155 1108 4224 baccalaureum
1130 4155 1316 4231 formatum,
