3130 4956
580 455 766 520 -973-

142 631 311 704 novembri.
338 633 497 699 facultatis
523 635 638 701 artium
667 637 841 717 privilegiis
867 637 975 702 Leodii
1001 638 1040 702 ad
1066 647 1212 704 sanctum

139 731 285 797 loannem
301 732 536 814 Evangelistam
552 735 739 799 canonicus.

176 831 266 896 Notat
290 831 378 896 Bau:
395 854 409 891 u
424 833 538 897 Pastor
560 833 592 896 in
614 834 709 915 Ways
725 857 737 894 u
753 834 841 914 juxta
862 837 1022 916 denappe.

173 963 220 1028 38.
236 965 369 1029 loannes
390 965 571 1030 Funactscus
593 967 755 1041 Vroacaou,
772 983 810 1032 ex
832 967 982 1047 lemeppe
999 968 1038 1031 ad
1054 965 1172 1045 Sabim,
1189 984 1208 1034 e

137 1063 209 1128 lilio
224 1073 393 1142 promotus
408 1064 475 1128 15⁰³
496 1081 579 1130 anno
601 1064 692 1140 7757,
711 1066 869 1130 successit
888 1065 1019 1130 domino
1032 1065 1161 1130 Docbcn
1177 1065 1210 1128 iu

139 1161 335 1242 subregeutia
360 1162 441 1224 lilii.
465 1163 511 1226 to
535 1163 704 1227 concilium
729 1163 885 1227 facultatis
905 1164 1021 1227 artium
1036 1162 1213 1228 admittitur

139 1260 170 1322 77
184 1259 261 1340 junii
279 1260 374 1324 7769.
391 1260 474 1324 llinc
495 1277 578 1325 anno
594 1261 686 1332 7765.
704 1261 751 1326 via
768 1261 994 1326 nominationis
1011 1261 1210 1327 academicae

139 1369 239 1439 pastor
254 1359 286 1422 in
303 1359 636 1425 costean-Tbieusics.
654 1361 738 1424 Obiit
753 1377 837 1425 anno
853 1361 943 1424 1795.

173 1489 220 1554 39.
238 1491 418 1554 Laoaaaous
442 1491 628 1555 9777777777
650 1492 780 1566 777777,
800 1492 988 1573 brugensis,
1005 1491 1212 1556 constituitur

137 1587 307 1669 subtegens
323 1591 365 1653 79
378 1591 458 1671 junii
476 1591 566 1667 7765,
584 1599 667 1656 etex
688 1591 881 1670 subregentc
897 1591 930 1654 tit
947 1607 1063 1671 regens
1076 1591 1115 1653 75
1128 1589 1210 1668 junii

137 1687 220 1750 7779.
237 1687 317 1754 Vide
331 1689 418 1754 iuter
433 1700 580 1772 regentes
596 1691 678 1764 lilii,
698 1699 730 1754 n⁰
746 1691 843 1752 xxx.

172 1819 220 1883 79.
235 1821 355 1885 Persas
377 1823 524 1886 loseanns
539 1823 601 1886 Van
623 1823 884 1897 Gooacnscunoeu‚
899 1821 1119 1894 bovaniensiS.
1137 1837 1210 1886 sue·

135 1919 226 1982 cessit
240 1919 375 1984 domino
390 1919 507 1984 Arents
523 1921 562 1983 95
574 1921 655 2001 junii
672 1921 764 1997 7779,
778 1931 861 1986 etex
876 1920 1069 2000 subrogante
1084 1927 1212 1984 creatur

137 2031 244 2098 regens
259 2033 347 2083 anno
365 2017 455 2081 7799.
473 2017 550 2084 Vide
566 2020 650 2084 inter
666 2026 813 2101 regentes
829 2019 909 2095 bilii,
929 2029 961 2081 n⁰
976 2017 1118 2082 lllllllll.

172 2149 220 2210 lt.
238 2149 389 2212 Rsaroros
404 2149 466 2212 Vua
489 2167 548 2213 oua
567 2149 702 2224 Huconu,
715 2165 757 2214 ‘ex
772 2149 966 2230 Everbergb‚
984 2165 1068 2213 anuo
1084 2148 1160 2211 7787
1179 2147 1212 2210 iu

137 2247 334 2327 promotione
350 2246 464 2312 artium
478 2264 495 2313 e
508 2247 587 2314 bilia
600 2248 684 2322 39³³,
701 2249 775 2314 dein
791 2265 902 2314 sacrae
918 2249 1097 2330 theologiae
1112 2248 1212 2312 alum-

136 2361 190 2410 nos
204 2345 236 2408 in
259 2345 376 2427 majori
399 2345 536 2428 collegio
559 2347 792 2428 theologorum,
818 2348 1012 2412 constitutus
1029 2345 1123 2427 hujus
1141 2361 1214 2427 oac-

134 2441 253 2526 dagogii
280 2445 473 2525 subrogans,
492 2445 530 2508 77
552 2446 678 2528 augusti
703 2445 782 2510 7799
804 2447 843 2510 ad
866 2446 1036 2512 concilium
1053 2445 1213 2510 facultatis

134 2542 241 2606 artium
257 2543 423 2608 admissus
436 2543 564 2608 fuit.Via
577 2545 804 2610 nominationis
819 2545 1019 2610 academicae
1035 2544 1069 2609 fn
1080 2544 1120 2607 96
1133 2560 1213 2608 mar-

134 2637 165 2704 tii
180 2637 258 2703 7797
274 2649 389 2721 pastor
403 2642 436 2704 in
453 2641 532 2707 Laer
551 2643 640 2724 juxta
658 2642 797 2721 Lariden,
815 2660 896 2724 quac
911 2643 1061 2725 parochia
1078 2659 1117 2707 eo
1134 2651 1212 2707 tem·

134 2755 206 2818 pore
221 2751 291 2804 erat
307 2740 468 2806 dioecesis
484 2741 734 2808 llcebliniensis.

169 2871 217 2935 78.
234 2876 368 2936 loannes
380 2873 564 2938 Faancrscus
578 2875 700 2938 Tuouts
720 2873 873 2948 consens,
892 2871 1128 2938 viroviacensis
1144 2871 1212 2938 sive

132 2986 168 3034 ex
191 2969 356 3053 Wervicq,
382 2989 466 3039 auno
494 2973 572 3038 fi8i
600 2974 632 3037 in
657 2973 858 3054 promotione
881 2970 1039 3036 facultatis
1062 2969 1213 3036 artiume

135 3067 208 3133 lilio
226 3069 314 3146 22²⁸,
337 3071 544 3137 constituitur
569 3072 664 3154 hujus
684 3070 867 3152 paedagogii
891 3069 1068 3150 subtegens
1089 3067 1129 3130 97
1141 3067 1214 3149 julii

24 3245 27 3254 .
136 3166 207 3229 7797
224 3169 262 3230 ad
280 3169 455 3233 concilium
475 3170 635 3235 facultatis
658 3170 773 3234 artium
796 3168 982 3232 admittitur.
1001 3167 1077 3232 Post
1093 3167 1213 3232 extinc-

134 3271 192 3328 tam
217 3266 465 3332 Universltatem
491 3285 576 3332 anuo
603 3269 681 3332 7797
709 3277 740 3334 et
767 3267 994 3331 concordatum
1021 3265 1095 3328 anni
1118 3263 1210 3338 7897,

134 3365 316 3430 successive
329 3375 439 3446 pastor
453 3367 484 3428 in
500 3367 734 3442 Salat-Gauda,
752 3367 895 3431 decanus
908 3362 1124 3436 menenensis,
1139 3378 1211 3442 pas·

133 3465 180 3524 tor
193 3463 231 3526 ad
248 3473 397 3529 sanctum
414 3466 609 3530 salvatorem
627 3467 742 3547 Brugis
757 3465 884 3530 demum
903 3463 1041 3528 vicarius
1053 3461 1212 3544 generalis

132 3557 264 3625 duorum
281 3564 508 3644 episcoporum
529 3565 752 3646 brugensium,
776 3563 924 3628 visitator
947 3559 1143 3642 apostolicus
1159 3576 1212 3624 or-

134 3655 236 3724 dinum
253 3662 481 3743 religiosorum
504 3664 537 3727 iu
563 3664 672 3746 Belgio
694 3673 726 3729 et
745 3664 827 3728 Suae
847 3661 1030 3726 sanctitatis
1050 3658 1212 3740 praelatus

134 3753 338 3824 domesticus.
356 3760 440 3825 Obiit
457 3762 570 3844 Brugis
585 3761 624 3825 39
640 3761 750 3843 aprilis
767 3761 858 3826 1853.
875 3761 938 3823 Gir.
952 3761 1101 3830 linusano,
1117 3759 1210 3823 Jour-

133 3857 182 3918 nal
203 3857 385 3940 Maioriane,
412 3857 478 3935 XX,
507 3877 538 3940 p.
565 3859 615 3923 96.

300 4055 391 4118 7.-
405 4057 597 4137 Professores
618 4059 656 4122 de
677 4059 707 4120 la
729 4057 895 4137 pedooooie
915 4053 957 4117 du
978 4055 1043 4119 Lis.

173 4183 201 4247 7.
217 4183 354 4252 Caaours
372 4189 485 4266 Vrauu,
502 4191 662 4268 fundator,
679 4191 786 4256 docuit
808 4189 847 4254 ab
870 4186 993 4269 origine
1009 4184 1208 4270 paedagogii,
