3130 4956
788 448 973 514 —uut-

344 627 504 694 licentiato
520 629 675 695 wernero
691 637 722 695 et
744 629 874 696 domino
894 627 1048 694 canonico
1067 626 1218 710 magistro
1235 626 1418 694 Marcolica

344 727 602 793 Craencndonck.
1047 760 1049 768 ·

385 830 540 902 Quantum
557 827 594 891 ad
617 828 807 903 secundum,
820 825 989 892 admittunt
1003 825 1124 890 domini
1140 825 1305 891 dominum
1321 824 1418 891 licen·

344 925 453 990 tietum
470 927 655 1008 magistrum
671 926 902 991 Theodericum
919 925 1083 990 blaeleota
1102 924 1241 990 lovanio
1257 925 1296 988 ad
1313 939 1418 1007 regen·

344 1025 416 1087 tiam
433 1032 466 1088 ot
480 1023 647 1107 legentium
664 1023 830 1108 pedagogii
847 1024 929 1097 Lilii,
943 1023 1003 1089 sub
1015 1023 1254 1088 conditionibus
1269 1024 1416 1104 superius

341 1127 514 1204 expressis.

383 1221 538 1296 Quantum
562 1223 599 1288 ad
626 1225 765 1300 tertium,
783 1223 914 1304 cupiunt
931 1222 1050 1288 domini
1071 1224 1226 1289 maturius
1241 1223 1418 1290 deliberare

343 1332 373 1385 rt
390 1339 447 1402 per
461 1323 642 1388 ordinarios
658 1324 825 1404 deputatos
841 1339 912 1387 cum
928 1323 1131 1388 assumendis
1147 1323 1333 1404 diligentius
1348 1340 1417 1404 per·

343 1421 449 1501 pendi,
466 1421 519 1502 qui
535 1421 670 1486 maxime
695 1422 731 1486 ad
755 1421 840 1486 illam
865 1420 1059 1486 functionem
1075 1429 1106 1486 et
1121 1420 1261 1485 officium
1277 1422 1417 1502 proviso·

341 1537 410 1584 rum
427 1521 493 1585 sint
507 1521 703 1586 assumendi.
722 1521 814 1596 Acar,
831 1519 913 1596 Vlll,
931 1517 986 1584 fol.
1003 1515 1063 1584 993
1078 1517 1181 1583 milit
1195 1532 1241 1582 vo,

383 1719 539 1799 Dicjoois
555 1719 781 1796 recommends
799 1717 969 1782 novembris
985 1718 1076 1793 taut,
1099 1716 1217 1783 indicta
1240 1717 1299 1782 fuit
1322 1717 1414 1799 depu·

340 1817 418 1882 tatio
447 1816 478 1879 in
509 1815 606 1880 rubea
633 1831 756 1880 camera
782 1815 897 1882 domus
925 1817 1093 1893 facultatis,
1121 1817 1294 1897 assumptis
1322 1817 1414 1882 simul

341 1913 472 1979 domino
497 1930 665 1979 assessore
690 1914 854 1980 beelmans
880 1924 912 1980 ot
937 1915 1065 1981 domino
1088 1916 1243 1980 canonico
1265 1915 1413 1981 Marcolio

335 2011 425 2092 juxta
441 2012 679 2078 conclusionem
704 2013 845 2094 proxime
868 2013 1104 2095 precedentem,
1128 2013 1167 2076 nd
1184 2013 1412 2079 nominandum

340 2111 525 2190 provisores
554 2111 669 2176 domus
699 2111 915 2193 pedagogialis
945 2111 1028 2189 titii,
1058 2119 1089 2176 et
1117 2111 1156 2176 ad
1183 2112 1411 2194 assignandum

341 2208 533 2288 stipendium
545 2207 683 2273 dominis
695 2209 1000 2291 commissoriisqui
1013 2209 1046 2273 in
1062 2210 1190 2291 negotio
1202 2210 1287 2275 dicte
1298 2211 1412 2276 domus

340 2315 414 2371 octo
439 2306 551 2371 diebus
573 2305 717 2386 occupati
744 2307 878 2372 fuerant.
906 2308 943 2372 Et
965 2326 1004 2374 ex
1029 2308 1230 2374 dominorum
1256 2307 1414 2374 delibera·

339 2405 492 2479 tionibus,
516 2413 666 2487 quantum
690 2405 728 2468 ad
750 2405 884 2486 primum
902 2407 1065 2472 nominant
1086 2407 1205 2472 domini
1227 2408 1413 2488 provisores

339 2504 501 2570 doeninum
527 2503 722 2568 licentiatum
745 2505 929 2585 magistrum
956 2505 1120 2570 Nicolaum
1147 2505 1187 2571 de
1212 2507 1358 2572 fraxinis
1383 2515 1414 2572 et

339 2604 501 2670 dominum
518 2603 712 2668 licentiatum
730 2605 914 2685 magistrum
930 2605 1133 2670 llelohiorem
1149 2621 1165 2668 a
1185 2605 1364 2681 blechlinia,
1382 2613 1413 2672 et

338 2719 413 2767 casu
430 2719 505 2784 quo,
529 2711 700 2767 occurrente
720 2701 915 2777 difficultate,
940 2704 970 2767 bi
993 2704 1057 2769 duo
1072 2705 1155 2769 inter
1170 2722 1243 2770 sese
1258 2722 1324 2769 non
1340 2723 1413 2786 pos·

338 2801 403 2865 sint
417 2801 601 2874 convenire,
624 2799 800 2881 adjungunt
820 2800 939 2865 domini
960 2802 1010 2867 lris
1028 2802 1154 2868 duobus
1171 2802 1355 2874 nominatis.
1373 2805 1410 2868 ad

339 2899 509 2964 tollendam
531 2899 754 2974 differentiam,
771 2899 925 2964 decanum
949 2917 1007 2981 pro
1022 2908 1177 2983 tempore.
1197 2897 1357 2976 Quantum
1373 2903 1410 2968 ad

338 2998 526 3073 secundum,
543 2997 691 3062 ordinant
706 2997 826 3062 domini
843 3017 901 3080 pro
923 3001 1082 3081 stipendio
1106 2999 1244 3064 dominis
1260 3001 1413 3066 commis-

338 3096 432 3160 sariis
450 3113 542 3160 tinam
565 3097 676 3160 libram
695 3097 842 3162 flandrie
857 3097 1071 3164 diversimode
1087 3099 1337 3164 distribuendam
1355 3117 1411 3181 pro

338 3195 480 3259 taborum
502 3194 697 3268 diversitate,
722 3195 868 3260 nimirum
891 3205 925 3260 ut
948 3196 1023 3272 duo,
1039 3197 1092 3279 qui
1108 3197 1212 3262 rarius
1227 3197 1409 3272 adfuerunt,

338 3292 455 3374 singuli
473 3292 609 3357 babeant
623 3292 664 3372 xij
682 3293 834 3369 stufcros,
851 3294 1008 3376 reliquum
1024 3312 1101 3360 vero
1117 3313 1155 3360 ex
1170 3312 1253 3376 equo
1269 3295 1410 3361 dividant

338 3390 389 3452 alii
406 3389 481 3462 duo,
498 3391 550 3472 qui
569 3392 705 3471 amplius
724 3391 959 3458 laboraverunt.

377 3488 543 3553 Addebam
568 3499 670 3554 autem
697 3489 830 3565 domiui,
857 3491 929 3572 quia
955 3493 1016 3556 lroc
1041 3489 1249 3574 pedagogium
1274 3501 1410 3558 nonest

337 3587 452 3652 domus
478 3587 646 3664 facultatis,
676 3588 789 3653 merito
815 3588 876 3653 hoo
901 3589 1095 3670 stipendium
1121 3589 1312 3655 solvendum
1338 3609 1410 3658 esse

338 3684 477 3750 dominis
500 3686 730 3750 commissariis
750 3703 813 3751 non
835 3703 852 3750 a
872 3687 1031 3764 facultate,
1047 3687 1103 3752 sed
1119 3704 1137 3752 a
1155 3687 1252 3753 domo
1273 3689 1410 3772 pedago

337 3782 410 3862 giali
427 3783 508 3846 Lilii.
525 3783 645 3849 Placuit
660 3793 764 3849 tamen
786 3783 828 3849 ob
849 3793 954 3849 certas
968 3801 1083 3850 causas
1102 3802 1159 3865 pro
1175 3787 1234 3850 lrac
1249 3783 1410 3852 dumtaxat

338 3882 439 3947 vicea
457 3882 604 3947 facultate
619 3883 712 3961 solvi,
730 3883 823 3948 simul
845 3900 971 3965 quoque
993 3883 1066 3948 illos
1087 3883 1160 3965 xviij
1184 3885 1326 3950 stuferos
1340 3904 1409 3952 cum

338 3979 481 4054 dimidio,
492 3998 573 4062 quos
585 3981 733 4047 dominus
745 3983 885 4047 decanus
897 3998 955 4063 pro
972 3983 1074 4048 tribus
1089 3983 1190 4064 copiis
1204 3993 1408 4066 computuum

338 4079 426 4145 itlius
448 4080 563 4146 domus
583 4091 787 4162 exposuerat,
810 4080 859 4146 sio
880 4091 914 4146 ut
934 4081 1019 4146 istud
1042 4099 1145 4164 neque
1165 4082 1195 4146 in
1219 4083 1279 4148 fruc
1302 4083 1407 4160 domo,

302 4253 304 4260 y
339 4195 443 4261 neque
457 4179 490 4243 in
506 4179 568 4244 ulla
584 4180 656 4254 alia,
672 4197 734 4262 que
749 4195 813 4244 uon
833 4177 876 4244 sit
894 4181 1063 4256 facultatis,
1079 4181 1112 4246 in
1127 4181 1290 4264 secedam
1304 4181 1409 4248 traha-

338 4295 401 4389 lur.
418 4279 510 4356 Auru,
525 4277 607 4344 Vlll.
624 4277 678 4344 fol.
696 4275 756 4342 aut
769 4284 809 4342 r·.
