3158 4952
774 481 957 544 -eto-

321 663 352 726 in
375 661 455 742 ipsis
471 661 710 726 conditionibus
733 678 922 741 expressum
938 673 998 727 est.
1018 662 1153 743 Insuper
1167 663 1254 726 dedit
1274 663 1405 727 facultas

322 761 418 826 dietis
438 761 578 825 dominis
600 760 832 824 commissoriis
856 771 1045 841 potestatem
1072 761 1198 826 emendi
1223 778 1241 825 a
1265 760 1404 841 predicto

321 862 475 943 magistro
490 859 660 924 Gullielmo
679 858 773 940 ligna,
795 860 918 940 lapides
940 870 972 926 et
994 861 1127 934 calcem,
1143 877 1181 926 ae
1197 861 1319 940 reliqna
1343 875 1405 922 ma-

322 961 443 1027 terialia
466 959 599 1023 indicto
620 958 796 1040 pedagogio
810 958 991 1034 existentia,
1011 969 1105 1040 prout
1125 959 1206 1039 ipsis
1230 976 1288 1039 pro
1309 959 1405 1024 facul·

321 1069 385 1126 tate
400 1059 551 1140 expedire
567 1058 743 1134 videbitur;
761 1068 792 1122 et
807 1058 893 1138 quod
909 1059 992 1124 dieta
1009 1060 1124 1124 domus
1141 1076 1197 1139 per
1214 1060 1304 1139 ipsos
1319 1075 1405 1124 com·

322 1158 488 1223 missarios
504 1158 663 1232 visitetur,
681 1167 726 1229 nt,
743 1158 770 1221 si
788 1175 849 1236 qne
865 1157 929 1222 sint
942 1158 1117 1238 reparanda
1130 1167 1185 1224 aut
1197 1157 1402 1238 perficienda,

319 1259 371 1322 illa
384 1259 471 1338 juxta
487 1257 615 1321 illorum
631 1256 859 1322 discretionem
883 1267 1071 1338 reparentur
1086 1267 1117 1321 et
1133 1257 1352 1337 perficiantur.
1369 1257 1400 1318 Si

321 1369 425 1421 tamen
441 1358 526 1421 circa
544 1357 700 1436 premissa
717 1356 860 1420 incidant
876 1357 957 1420 forte
972 1357 1077 1438 alique
1090 1355 1305 1428 difficultates,
1320 1355 1401 1437 quod

323 1457 394 1520 illas
410 1464 560 1537 poterunt
576 1455 696 1520 referre
713 1455 750 1518 ad
764 1454 913 1519 dominos
928 1455 1112 1520 ordinarios
1124 1457 1296 1535 deputatos
1313 1454 1404 1518 facul-

323 1553 396 1619 latis
411 1565 442 1620 et
457 1555 548 1627 alios,
563 1571 644 1635 qnos
657 1553 790 1635 jusserit
803 1554 944 1618 decanus
959 1555 1175 1628 advocandos,
1190 1555 1313 1635 absque
1329 1555 1403 1617 ulte-

323 1655 399 1720 riori
428 1655 582 1720 relatione
608 1653 645 1717 ad
674 1653 867 1732 facultatem.
888 1653 925 1717 Et
950 1655 1035 1735 qnod
1061 1653 1294 1719 commissoriis
1318 1652 1404 1734 juxta

321 1754 450 1819 labores
472 1771 551 1819 snos
569 1753 746 1817 secundum
769 1753 996 1818 discretionem
1011 1754 1216 1819 dominorum
1239 1753 1404 1835 deputato

322 1871 391 1920 rum
408 1855 502 1920 detur
517 1853 680 1918 salarium.

365 1954 487 2018 Placuit
509 1953 603 2017 etiam
627 1953 780 2026 facultati,
798 1953 881 2034 qnod
905 1953 1074 2018 accedatur
1097 1953 1135 2015 ad
1152 1954 1282 2016 arebam
1308 1953 1404 2017 facul-

324 2052 398 2117 tatis
425 2053 463 2116 ad
490 2053 720 2116 extrahendum
749 2053 913 2132 pecuniam
941 2052 1117 2133 predictis
1145 2052 1284 2132 negotiis
1312 2052 1403 2132 perfr-

321 2152 458 2216 ciendis.

363 2250 632 2332 supplicationem
656 2259 686 2313 et
703 2249 950 2330 resignationem
974 2252 1133 2316 dictorum
1150 2251 1354 2316 dominorum
1376 2261 1404 2315 et

323 2349 549 2430 magistrorum
576 2348 734 2414 Guilielmi
762 2359 793 2413 et
815 2349 936 2414 Nicolai
961 2350 1138 2429 respective
1162 2363 1353 2430 receperunt
1376 2359 1404 2414 et

323 2448 522 2512 admiserunt
541 2447 629 2529 juxta
646 2448 779 2512 formam
795 2457 984 2512 statutorum
1008 2457 1040 2512 et
1055 2449 1294 2514 ordinationum
1310 2449 1404 2513 facul-

323 2547 408 2615 tatis.

364 2679 547 2761 Sequuntur
562 2681 650 2762 leges
666 2691 697 2745 et
712 2679 915 2744 conditiones
930 2680 970 2744 de
985 2679 1102 2760 quibus
1117 2696 1215 2760 supra
1234 2699 1240 2744 :

521 2879 717 2942 conditiones
733 2879 871 2958 ntuplrtri
888 2877 1042 2942 Gniliclmi
1057 2879 1216 2942 Enermfs.

365 3043 564 3108 Venerabilis
579 3043 729 3107 dominus
745 3054 776 3107 et
793 3043 944 3124 magister
959 3043 1147 3108 Guilielmns
1165 3043 1328 3116 Ererardi,
1347 3061 1406 3107 mc

323 3145 445 3208 dernus
467 3158 584 3222 regens
608 3141 775 3222 pedagogli
800 3142 958 3217 Falconis,
975 3159 1156 3222 agnoscens
1173 3141 1326 3205 beneficia
1349 3141 1405 3206 sibi

324 3259 342 3305 a
366 3241 514 3306 facultate
540 3241 652 3304 artium
677 3240 832 3312 exhibita,
858 3241 1074 3322 cupiensque,
1098 3251 1252 3322 quantum
1277 3228 1311 3304 in
1339 3242 1405 3321 ipso

323 3349 387 3414 est,
404 3339 575 3420 gratificari
599 3339 701 3404 eidem
726 3339 880 3414 facultati,
902 3349 935 3403 ut
957 3339 1078 3404 dietum
1103 3340 1313 3421 pedagoginm
1339 3357 1404 3420 per·

327 3447 422 3520 petuo
439 3438 604 3510 subsistat,
618 3437 713 3502 offert
729 3439 867 3502 facultati
884 3438 999 3502 artium
1015 3455 1071 3502 seu
1090 3455 1228 3518 persone
1245 3456 1302 3518 per
1314 3439 1406 3504 facul·

326 3548 421 3604 telem
448 3537 641 3601 nominande
667 3539 796 3601 domum
823 3554 914 3602 suam
942 3538 1180 3619 pedagogialem
1207 3556 1280 3603 cum
1309 3539 1406 3603 tribus

326 3637 474 3702 domibus
496 3635 711 3700 anterioribus
737 3645 768 3700 ct
791 3653 851 3700 urna
875 3636 1045 3716 posteriori
1068 3637 1165 3700 domo
1186 3653 1224 3700 ac
1246 3637 1318 3700 aliis
1343 3635 1406 3700 suis

328 3735 541 3817 pertinentiis,
557 3744 650 3814 prout
667 3734 735 3814 ipsc
751 3751 866 3816 regens
882 3735 934 3797 illa
952 3734 1121 3814 acquisivit
1137 3750 1211 3817 erga
1223 3745 1407 3799 executores

327 3834 507 3900 testamenti
531 3835 691 3915 quondam
717 3834 837 3898 domini
860 3845 891 3898 et
914 3833 1055 3914 rrragistri
1083 3831 1240 3897 Gabrielis
1264 3833 1304 3898 de
1327 3833 1406 3897 blera

329 3933 495 4014 ipsiusque
518 3933 667 4005 heredes,
695 3933 755 3997 sub
777 3932 931 3998 oneribus
953 3941 986 3998 et
1013 3932 1252 3996 conditionibus
1275 3947 1408 4012 sequen·

330 4031 415 4095 tibus
432 4047 440 4094 t

372 4129 545 4211 imprimis,
562 4130 622 4195 sub
645 4130 784 4211 antiquis
799 4130 952 4195 censibus
974 4131 1090 4194 annuis
1105 4129 1188 4210 apud
1208 4129 1257 4193 di-

329 4245 441 4294 versas
458 4245 613 4310 personas
627 4229 657 4292 in
670 4230 858 4311 caponibus,
868 4229 982 4294 solidis
998 4245 1035 4294 ac
1047 4229 1129 4304 aliis,
1140 4228 1257 4310 quibus
