3252 4954
707 447 893 510 -o’le-

255 628 354 708 ft'ttput'
380 627 543 710 fttlctpreft'
569 626 703 708 publico,
734 627 893 708 ruffepfutn
918 645 1008 690 suum
1035 631 1217 704 1761661616
1244 631 1348 704 &upupae

256 731 320 810 lpp.
338 727 377 790 15
392 738 424 792 et
441 727 500 805 16).

297 925 328 986 9.
344 924 473 988 loannes
485 923 650 998 Sturanus,
663 924 759 1005 vulgo
776 924 821 986 lle
836 924 964 1002 Saurea,
979 924 1342 1004 Bagrada-Alosteusis,

257 1022 302 1088 uti
318 1039 390 1087 eum
407 1031 498 1086 vocat
513 1021 713 1086 Christianus
730 1039 746 1086 a
764 1023 1011 1104 Lattgendonch,
1029 1022 1058 1085 id
1077 1033 1180 1087 estex
1198 1022 1343 1086 bender-

256 1120 418 1194 windeke,
433 1120 667 1202 philosophiam
680 1122 814 1186 edoctus
827 1123 858 1184 in
873 1121 1069 1202 paedagogio
1083 1121 1243 1195 Falconis,
1257 1137 1344 1184 antro

257 1220 458 1285 1646166616
476 1220 571 1284 llilum
588 1221 1080 1284 111161111161116616666166166
1098 1221 1286 1300 reportavit,
1304 1237 1344 1284 ac

257 1321 383 1385 ridetur
396 1321 512 1384 deinde
522 1319 796 1401 jurisprudentiae
808 1337 938 1401 operam
952 1321 1093 1384 dedisse.
1111 1318 1243 1383 Constat
1258 1329 1348 1384 certe

258 1419 390 1501 privatis
413 1419 575 1485 exercitiis
599 1420 630 1481 in
647 1420 754 1484 studio
774 1419 857 1500 juris
874 1420 1068 1484 instructum
1092 1419 1193 1484 fuisse
1217 1419 1348 1483 alatro

258 1517 555 1600 lloppenbrouwer,
583 1517 667 1598 juris
698 1519 864 1600 utriusque
894 1519 1056 1583 licentiato
1085 1529 1116 1580 et
1146 1519 1346 1598 professore,

258 1618 312 1698 qui
347 1617 485 1698 collegio
515 1618 656 1696 trilingui
691 1618 813 1684 vicinas
849 1619 946 1683 aedes
976 1617 1147 1682 incolebat.
1189 1616 1348 1682 Sauterus

260 1718 411 1782 defuneto
448 1717 573 1782 Valerio
603 1718 749 1783 Andreae
783 1718 941 1782 successit
975 1718 1006 1780 in
1037 1716 1188 1780 cathedra
1218 1715 1347 1796 linguae

259 1815 427 1880 hebraicae
453 1832 536 1880 anno
561 1815 640 1878 1666
665 1817 715 1880 vel
740 1816 830 1880 1666.
857 1815 996 1896 Linguae
1022 1802 1155 1879 sanetae
1179 1813 1346 1893 professor

257 1915 433 1990 institutus,
451 1931 524 1980 eum
547 1917 699 1980 deessent
720 1915 791 1996 ejus
814 1916 942 1994 linguae
964 1913 1170 1978 characteres
1197 1930 1253 1976 seu
1280 1914 1345 1992 typi

254 2015 337 2094 apud
354 2014 570 2078 lovanienses
587 2015 814 2096 tppographos,
833 2015 904 2095 ipse
919 2014 981 2078 sibi
997 2015 1029 2076 in
1045 2012 1178 2092 chalybe
1190 2011 1345 2076 curiosis-

255 2114 358 2178 simos
373 2114 575 2178 diversorum
598 2131 753 2194 generum
778 2123 871 2195 typos
887 2113 1058 2178 hebraicos
1081 2112 1230 2191 sculpsit,
1247 2121 1278 2175 et
1294 2111 1347 2175 his

179 2249 184 2258 ·
256 2211 376 2276 fornas
398 2229 455 2276 seu
479 2212 639 2287 matrices,
665 2223 699 2278 ul
722 2223 849 2286 vocant,
867 2229 985 2277 aeneas
1007 2211 1190 2292 composuit
1212 2212 1251 2288 ad
1278 2211 1348 2275 fun·

257 2309 380 2374 dandas
407 2310 501 2390 huius
530 2311 658 2391 linguae
684 2312 805 2387 literas,
833 2322 865 2376 et
892 2323 1008 2391 puncta
1033 2309 1156 2375 vocalia
1183 2309 1347 2376 hebraicis

255 2410 546 2484 lucubrationibus,
564 2427 643 2490 quas
660 2427 736 2490 prae
753 2410 899 2474 manibus
916 2409 1065 2481 habebat,
1084 2409 1288 2473 inservitura.

297 2507 357 2571 Pro
381 2509 492 2572 funere
517 2508 657 2572 laudarit
680 2525 764 2572 auno
788 2508 870 2572 1664
892 2509 1028 2572 amicum
1046 2519 1077 2570 ct
1097 2505 1251 2587 collegam
1269 2507 1346 2570 Ber·

253 2609 387 2671 nattlum
404 2605 664 2686 Hepmbachiutn.
679 2607 850 2671 Admissus
867 2608 923 2671 fuit
940 2607 978 2669 ad
995 2605 1168 2670 concilium
1183 2605 1347 2670 facultatis

252 2705 366 2770 artium
395 2707 408 2767 l
439 2705 591 2769 februarii
619 2704 710 2768 1671.
729 2703 814 2770 Obiit
839 2705 962 2788 ahjulii
992 2704 1089 2778 1616;
1119 2704 1266 2783 sepultus
1292 2703 1345 2766 616

253 2808 399 2886 sequenti
417 2805 447 2867 in
465 2804 501 2866 b.
521 2803 620 2869 Petri.

297 2903 373 2983 Ejus
388 2912 439 2968 est
456 2924 462 2964 :
481 2905 587 2968 Brevis
602 2905 786 2967 introductio
802 2905 843 2966 66
864 2903 1006 2983 linpuum
1025 2910 1164 2965 sonatum
1180 2900 1347 2974 hebtmnrn,

253 3021 314 3085 pun
330 3021 367 3065 66
379 3009 562 3084 presertim,
572 3007 604 3065 t'u
619 3003 731 3084 put'bus
746 3004 787 3066 ctl
800 3003 855 3066 huc
870 3004 1006 3066 studiant
1022 3003 1195 3066 aecedentes
1211 3001 1347 3062 16661616

251 3103 404 3176 fuderunt,
421 3119 459 3164 66
474 3103 621 3166 docentur
636 3103 787 3177 methodo,
806 3109 840 3164 61
852 3119 947 3182 petuo
962 3101 1065 3164 fudere
1078 3100 1176 3181 puluis
1198 3117 1235 3162 eu
1245 3101 1345 3180 possit

250 3217 407 3282 superare,
427 3208 455 3262 61
479 3219 545 3281 pute
567 3202 662 3264 studit
683 3207 755 3264 sttrtf
773 3201 985 3282 profundioris
1012 3199 1128 3262 61111161
1150 3199 1220 3260 dein
1244 3200 1343 3260 66116.

252 3299 392 3374 bovattii,
423 3298 585 3362 Adrianus
616 3298 661 3362 lle
692 3297 801 3374 Witte,
835 3298 931 3373 1616;
962 3299 1026 3363 161.
1059 3297 1346 3372 itt-12⁰,coustans

252 3397 292 3461 tl
313 3397 452 3479 paginis.
477 3397 599 3462 Puncta
621 3398 741 3464 vocalia
776 3399 905 3472 desunt,
933 3398 1114 3462 auditorum
1137 3397 1261 3460 calamo
1293 3396 1345 3458 ad-

253 3497 406 3578 Jicienda.

298 3595 507 3662 Meditabatur
534 3597 729 3660 ,1666611616
757 3595 935 3660 hebraicum
967 3603 1060 3659 lulum
1092 3593 1203 3674 finpuoe
1232 3601 1347 3658 soncloe

256 3697 416 3760 seientiam
441 3696 604 3758 methodica
629 3703 658 3758 61
685 3697 806 3776 copiose
836 3697 1009 3768 contineam
1037 3729 1078 3739 -
1106 3693 1346 3760 Grornmutt'eom

258 3794 587 3870 6161661666,616116;
601 3793 657 3858 sed
667 3792 737 3874 ejus
749 3794 916 3858 conatibus
929 3793 1051 3858 obstitit
1062 3793 1229 3856 immatura
1243 3806 1343 3855 mors.

299 3992 350 4055 10.
373 3991 503 4056 loannes
529 3993 646 4070 Henrs,
673 3990 886 4058 blechelcnsis
912 3991 952 4055 ad
978 3993 1100 4056 blesam
1127 3989 1222 4068 (unde
1248 3987 1345 4052 etiam

258 4106 356 4172 saepe
381 4091 488 4156 dictus
516 4090 814 4170 Motuettup'eclt'uus,
832 4107 904 4154 nam
922 4107 1022 4172 pagus
1041 4089 1081 4154 dc
1098 4088 1262 4154 blechelen
1278 4102 1344 4150 non

258 4191 353 4273 longe
368 4191 407 4254 ab
423 4193 482 4255 hac
500 4191 577 4256 urbe
592 4191 712 4270 distat),
730 4191 897 4272 professor
912 4188 1137 4272 grammatices
1157 4188 1189 4252 in
1205 4185 1345 4264 collegio
