3248 4954
767 431 954 494 -110-

314 617 409 684 sium.
433 613 575 697 quolibet
602 612 787 677 eorumdem
811 611 850 674 ad
879 611 989 694 viginti
1016 610 1158 676 stoteros
1185 612 1407 677 6166616866-

314 711 1407 794 bantieestimato.cedentemsinguiisannismediatimdmovem·

313 816 382 878 bris
398 825 430 880 et
456 815 489 876 ba
504 813 590 885 maii,
619 830 676 893 per
703 813 862 892 quondam
890 811 1095 875 b'ranciscum
1124 828 1183 874 van
1214 812 1403 892 d'idgbeere⁹

314 913 591 990 bieobiiniensem,
601 913 639 976 ad
653 920 685 976 et
697 928 794 990 supra
807 911 968 975 civitatem
983 911 1247 991 antverpiensem
1261 919 1403 990 emptum

313 1022 345 1078 et
360 1013 562 1093 acquisitum.
573 1011 661 1092 iuxta
676 1021 819 1074 tenorem
834 1009 997 1073 literarum
1012 1008 1097 1074 dicte
1110 1009 1251 1074 civitatis
1263 1009 1406 1090 desuper

313 1112 517 1177 existentium
541 1111 581 1174 de
603 1112 674 1173 data
697 1109 731 1180 b,
754 1108 826 1189 maij
853 1125 938 1172 anno
963 1108 1055 1180 1519,
1073 1109 1166 1171 viridi
1190 1109 1296 1190 sigilio
1319 1109 1405 1173 dicte

312 1211 451 1274 civitatis
474 1210 750 1292 subimpendente‚
773 1219 806 1273 et
828 1225 884 1288 per
908 1207 1161 1280 Wesenbeeeke,
1180 1208 1402 1282 secretarium,

312 1309 519 1390 signatarum,
539 1327 599 1372 una
615 1326 687 1373 com
705 1307 790 1372 binis
807 1307 910 1371 literis
925 1307 1150 1388 acquisitionis
1167 1307 1241 1371 dicti
1258 1307 1404 1371 redditus

311 1408 453 1488 desuper
469 1409 564 1482 16616,
582 1424 717 1488 quarum
736 1424 797 1470 una
814 1417 863 1471 est
879 1407 918 1470 de
930 1405 1002 1470 data
1019 1406 1094 1469 anni
1110 1424 1161 1475 nve
1174 1406 1404 1486 septuagesimi

311 1507 459 1582 secundi,
479 1507 599 1570 mensis
617 1506 743 1587 augusti
760 1506 825 1570 diei
842 1515 967 1586 quarte,
987 1522 1043 1585 per
1058 1504 1245 1586 Dionysium
1262 1504 1327 1568 Van
1344 1505 1404 1569 der

311 1607 429 1680 Nesen,
455 1617 484 1671 et
507 1607 607 1672 nitere
630 1607 704 1671 date
727 1606 800 1669 anni
831 1605 921 1679 1513,
948 1607 1069 1670 mensis
1093 1605 1162 1685 julii
1189 1604 1252 1668 diei
1276 1604 1402 1669 decime

303 1706 458 1785 septime,
477 1723 533 1785 per
553 1705 707 1769 ioannem
725 1707 791 1766 Van
808 1704 982 1778 Asseliers,
1000 1705 1084 1768 dicte
1109 1703 1246 1768 civitatis
1270 1707 1403 1767 antver-

311 1804 433 1884 piensis
463 1804 668 1876 secretarios,
701 1804 886 1869 successive
916 1803 1053 1884 signatis
1084 1811 1114 1866 et
1144 1801 1338 1880 subscriptis
1369 1811 1403 1865 et

310 1902 417 1982 sigilio
433 1903 636 1968 scabinorum
655 1903 731 1966 inibi
749 1904 1018 1967 mentionatorum
1044 1901 1223 1982 respective
1239 1900 1401 1982 sigillatis,

310 2003 510 2066 transferens
533 2013 563 2067 et
580 2002 809 2068 transfundens
832 2003 864 2064 in
886 2003 1033 2066 eumdem
1051 2001 1214 2066 domiuum
1232 2009 1263 2064 et
1285 2000 1403 2080 magis·

310 2116 394 2164 trum
411 2101 595 2164 Micbadiem
620 2101 660 2165 de
679 2104 752 2181 Bar,
771 2102 971 2182 provisorem
997 2101 1073 2165 dicti
1089 2099 1217 2180 coiiegii
1234 2099 1355 2164 domini
1371 2109 1404 2164 et

312 2198 454 2280 magistri
471 2199 589 2263 Ruardi
606 2199 752 2279 Tapperi‚
769 2209 801 2264 et
816 2201 1002 2264 successive
1021 2200 1052 2262 in
1069 2199 1155 2264 dieto
1172 2198 1310 2279 collegio
1328 2215 1404 2279 pro-

309 2297 436 2362 visores
454 2314 510 2378 pro
526 2309 670 2378 tempore
692 2301 883 2372 existentes,
902 2315 997 2363 omne
1017 2298 1280 2379 insomnemque
1302 2298 1404 2361 actio-

312 2413 383 2460 nem
413 2395 474 2460 sibi
503 2397 540 2460 ad
573 2397 722 2461 eumdem
755 2398 912 2461 redditum
943 2395 1173 2477 quinquaginta
1204 2395 1403 2460 florenorum

309 2497 517 2561 rhenensium
540 2498 782 2577 quomodolibet
803 2504 1052 2576 competentem,
1072 2495 1150 2558 ninii
1169 2495 1252 2576 juris
1274 2496 1335 2561 sibi
1361 2497 1400 2559 ad

309 2595 459 2662 eumdem
475 2597 634 2661 redditum
652 2596 863 2662 reservando.

352 2695 487 2773 insuper
512 2696 619 2760 dictus
646 2696 797 2759 dominus
824 2706 855 2758 et
887 2693 1039 2776 magister
1070 2695 1179 2760 Victor
1209 2693 1338 2758 tradidit
1368 2702 1401 2759 et

310 2794 490 2858 numeravit
513 2795 598 2862 dieto
621 2795 751 2860 domino
778 2803 809 2858 et
835 2793 989 2874 magistro
1007 2793 1152 2858 biiobadii
1179 2793 1219 2859 de
1234 2795 1308 2874 Bag,
1328 2810 1401 2876 pre-

310 2893 395 2958 senti
421 2901 452 2957 61
478 2911 514 2958 se
540 2893 703 2974 recepisse
733 2892 910 2964 confitenti.
937 2909 1093 2956 summani
1122 2893 1399 2975 septingentorum

310 3000 342 3054 et
364 2990 474 3070 viginti
500 2991 695 3056 florenorum
720 2991 928 3057 cirenensium
955 2991 993 3054 ad
1018 2993 1188 3056 emendum
1214 3003 1400 3072 61666166-

311 3090 445 3153 randum
462 3091 620 3154 redditum
633 3108 773 3155 annuum
790 3100 821 3153 et
838 3089 1068 3153 bereditarium
1083 3090 1293 3172 quadraginta
1306 3089 1401 3155 tiore-

311 3202 426 3250 norum
465 3187 673 3253 rbenensium
709 3188 841 3252 denario
880 3187 1007 3252 decimo
1045 3198 1171 3253 octavo.
1204 3190 1247 3252 lix
1283 3190 1401 3269 quibos

310 3285 471 3367 siquidem
494 3287 542 3350 sic
561 3295 778 3366 transportato
802 3298 834 3350 et
856 3286 993 3350 emendo
1016 3289 1197 3368 respective
1221 3287 1401 3352 redditibus

311 3383 351 3448 ad
373 3386 561 3465 erigendum
586 3384 667 3449 duas
686 3384 802 3449 bursas
826 3385 960 3449 indicto
983 3385 1119 3466 cottegio
1143 3386 1263 3450 domini
1279 3385 1400 3450 Ruardi

310 3483 444 3564 Tapperi
462 3484 713 3548 reservabuntur
725 3501 784 3565 pro
797 3485 951 3549 oneribus
968 3485 1044 3548 dicti
1061 3485 1189 3566 collegii
1206 3503 1244 3550 ex
1259 3485 1403 3566 qualibet

311 3582 407 3645 bursa
420 3583 531 3648 decern
545 3583 659 3647 floreni
673 3583 852 3648 rhenenses
864 3584 1087 3664 quotannis‚et
1101 3584 1257 3664 reliquum
1272 3585 1403 3649 dabitur

312 3680 406 3745 dietis
422 3681 550 3746 duobus
571 3682 730 3746 burseriis
753 3683 972 3746 instituendis.
991 3683 1025 3744 in
1049 3682 1166 3763 quibus
1189 3683 1308 3758 bursis,
1327 3701 1401 3748 oum

311 3781 509 3856 vacaverint,
527 3781 645 3846 ceteris
663 3781 804 3860 paribus,
825 3780 957 3862 preferri
975 3781 1042 3844 vuit
1058 3781 1141 3844 idern
1163 3781 1313 3846 dominus
1330 3783 1404 3846 iun·

310 3878 404 3942 dator
427 3889 520 3944 natos
543 3897 600 3944 seu
626 3880 781 3943 oriundos
805 3896 843 3944 ex
856 3879 986 3943 civitate
1002 3878 1168 3960 Siuysensi
1193 3881 1223 3941 in
1242 3879 1402 3955 Fiandria,

308 3978 406 4058 siqui
430 3989 601 4044 occurrant
625 3989 656 4042 et
678 3979 780 4042 dictas
803 3979 919 4042 bursas
937 3987 1061 4057 petant;
1089 3979 1209 4044 sivero
1233 3979 1312 4044 tales
1336 3997 1404 4045 non

308 4086 491 4150 occurrant,
514 4077 708 4158 recipiantur
729 4077 864 4156 juvenes
887 4076 1063 4140 secundom
1089 4085 1207 4142 statuta
1232 4078 1404 4142 611611661-

309 4173 399 4252 iegii,
416 4176 499 4240 inter
520 4182 729 4242 occurrentes
751 4177 884 4241 maxime
907 4175 1028 4247 idonei,
1046 4176 1222 4241 secundum
1243 4176 1404 4256 judicium

311 4270 432 4336 domini
449 4275 625 4355 provisoris
642 4291 700 4356 pro
716 4284 861 4356 tempure
876 4274 1056 4339 existentis.
