3236 4952
327 854 526 936 contuens
547 867 600 937 00
621 869 792 936 MlSONS
820 856 1006 938 n’Etuuas
1030 864 1102 930 DES
1123 863 1279 929 ottones

688 984 917 1058 attuleruut

508 1341 774 1392 onsmvemous
811 1326 1105 1391 rnnnruuurrns.

314 1500 415 1572 Nous
433 1512 664 1596 empruntons
682 1507 704 1574 a
719 1499 851 1575 Valere
867 1500 989 1574 Andre
1004 1501 1121 1588 (Fasti
1137 1498 1349 1578 academici,

260 1613 321 1688 ed.
343 1615 386 1687 de
417 1615 524 1703 1650,
545 1639 580 1712 p.
610 1617 694 1714 330)
712 1618 746 1691 le
774 1641 928 1713 passage
954 1617 1110 1697 suivant,
1131 1613 1190 1708 qui
1217 1629 1349 1704 pourra

263 1729 380 1802 servir
398 1729 673 1806 d’introduction
696 1732 910 1806 al’histoire
935 1731 998 1804 des
1018 1729 1172 1802 maisons
1189 1723 1349 1800 d’etudes

260 1865 331 1937 que
348 1845 400 1918 les
418 1847 592 1942 religieux
618 1849 681 1922 des
699 1847 904 1922 differentes
930 1846 1081 1920 samilles
1107 1841 1348 1935 monastiques

263 1961 490 2054 possedaient
503 1961 707 2037 aLouvein.
719 1965 792 2038 Des
804 1965 839 2037 le
851 1969 1160 2042 commencement,
1171 1956 1350 2054 plusieurs

261 2085 434 2150 convento
460 2079 505 2150 de
535 2079 695 2152 Louvain
721 2080 864 2152 avaient
893 2077 1067 2152 demanda
1092 2079 1127 2147 et
1159 2074 1288 2146 obtenu
1315 2069 1352 2142 la

259 2187 387 2263 'lavaur
404 2191 513 2266 d'etre
530 2193 735 2290 incorpores
753 2199 775 2266 a
793 2191 1040 2278 l'Universite;
1061 2189 1107 2263 ils
1121 2185 1348 2285 jouissaient,

263 2307 343 2378 ace
365 2305 460 2393 titre,
481 2307 525 2380 de
545 2309 701 2382 certains
728 2309 919 2404 privileges
936 2329 1118 2382 commune
1149 2310 1268 2376 alnus
1297 2297 1350 2372 les

262 2425 410 2516 suppeto
428 2423 472 2496 de
486 2421 728 2499 l’Universile.
746 2425 834 2500 Plus
847 2427 941 2509 tend,
958 2425 1020 2498 des
1033 2421 1190 2518 abbayes
1204 2417 1352 2513 n’ayant

263 2557 328 2630 pas
345 2536 423 2609 leur
440 2539 540 2633 siege
562 2541 763 2613 aLouvain
781 2541 983 2628 etablirent,
1004 2541 1093 2613 dens
1119 2537 1156 2610 le
1174 2533 1255 2606 ville
1273 2531 1348 2604 uni·

262 2651 463 2736 versitaire,
483 2653 546 2725 des
569 2654 723 2748 collega
745 2677 835 2749 pour
850 2677 874 2751 y
892 2654 1067 2748 haberger
1093 2649 1349 2747 quelques-uns

261 2763 307 2836 de
324 2762 420 2838 leurs
430 2767 556 2862 jeunes
572 2768 757 2864 religieux.
775 2779 810 2842 et
822 2769 875 2843 les
890 2778 1015 2842 mettre
1028 2768 1120 2841 ainsi
1140 2770 1161 2837 o
1177 2771 1289 2836 meme
1303 2762 1349 2834 de

260 2879 380 2953 suivre
397 2879 450 2954 les
468 2905 573 2956 cours
598 2884 642 2956 de
661 2883 839 2980 theologie
857 2895 892 2958 et
909 2883 953 2957 de
972 2883 1066 2956 droit
1090 2881 1285 2976 cenonique
1303 2877 1349 2950 de

256 2991 505 3080 l'Universite.

303 3157 437 3242 colicam
465 3168 494 3226 ct
521 3161 644 3227 scholae
671 3163 815 3229 ordinum
841 3163 1065 3245 religiosorum.
1090 3193 1133 3210 -·
1157 3161 1290 3226 Constat
1315 3157 1349 3220 iu

258 3255 373 3338 onmis
383 3258 514 3324 Lovanii
526 3269 601 3327 aute
611 3261 775 3328 conditam
786 3263 1035 3328 Academinmin
1048 3259 1186 3343 singulis
1197 3257 1348 3325 ordinum

260 3356 522 3434 mendicantium,
567 3357 864 3437 Dominiceoorum‚
907 3360 1213 3427 Frunaciscanorum
1253 3367 1349 3436 atque

259 3455 579 3538 augustinianorum,
596 3459 764 3526 coenobiis
778 3469 886 3526 erecta
909 3461 1011 3527 luisse
1025 3460 1143 3536 studia,
1161 3469 1194 3524 ut
1217 3465 1346 3529 vocant,

259 3555 422 3635 generalia
438 3573 495 3622 seu
513 3557 733 3638 provincialia,
750 3576 833 3642 quae
846 3559 901 3643 qui
918 3559 1060 3642 dirigunt
1079 3568 1111 3625 et
1126 3559 1346 3631 moderantur,

259 3665 391 3736 recepto
402 3655 446 3720 ibi
462 3657 631 3732 vocabulo,
645 3667 795 3740 regentes
810 3659 909 3725 studii
923 3661 1128 3740 lectoresque
1143 3658 1207 3723 dici
1222 3657 1344 3731 soleam

256 3749 418 3835 hodieque
432 3755 518 3836 apud
534 3755 616 3821 alios
631 3773 762 3839 quoquc
776 3759 961 3840 religiosos,
979 3758 1213 3824 carmelitanos
1227 3755 1348 3821 veteris

251 3849 394 3918 instituti
411 3863 506 3936 atque
520 3855 738 3932 excalceatos,
755 3857 924 3923 llinoritus
946 3867 979 3924 et
993 3856 1222 3922 Dominicunos
1238 3854 1348 3922 litber-

257 3963 331 4026 uos,
348 3958 457 4032 patres
472 3951 641 4019 societatis
655 3955 741 4029 lesu,
759 3955 884 4023 similes
900 3955 1032 4022 scholae
1045 3965 1132 4021 sunt.
1151 3955 1197 4020 De
1212 3953 1349 4035 singulis

258 4045 292 4110 in
318 4061 377 4113 sua
402 4049 574 4116 Acadama
595 4053 779 4119 molensi
801 4053 897 4136 plene
912 4062 1028 4119 tractet
1048 4052 1202 4119 Nicotaus
1224 4051 1347 4117 Vernu-

258 4144 360 4214 lacus.
383 4147 429 4213 llx
451 4148 503 4214 luis
526 4161 632 4217 autem
656 4167 729 4219 mox
750 4153 812 4219 sul)
834 4153 976 4219 exordiis
1000 4151 1237 4226 universitatis,
1261 4165 1346 4216 anuo
