3222 4950
737 406 921 469 -tett-

284 585 322 650 ad
340 585 499 666 regendas
515 585 645 650 scholas
670 587 754 650 etad
773 587 832 651 etia
850 587 977 666 pietatis
992 603 1029 651 ae
1045 587 1172 652 virtutis
1188 587 1295 652 officia
1312 589 1373 652 mi·

284 693 443 766 grassem,
461 684 554 749 iaeiie
580 701 597 748 a
623 686 760 766 Georgio
787 687 826 750 de
853 685 1006 749 Ambosia
1033 696 1065 750 et
1092 685 1273 751 Raimundo
1289 687 1371 752 Gor-

284 783 385 858 eensi‚
403 783 620 864 apostoiieisa
637 784 737 850 tatere
752 784 876 866 legatis,
892 785 1035 850 otnninm
1052 785 1275 851 inndationum
1292 804 1369 852 oon·

285 880 496 948 firmationem
520 900 593 948 eom
618 883 726 947 mnitis
750 884 927 966 privilegiis
949 883 1099 948 obtinuit.
1120 885 1231 966 Neque
1256 886 1287 949 in
1307 885 1370 952 nita

282 979 379 1046 domo
406 982 514 1062 oinres
540 999 614 1048 esse
640 984 742 1048 voluit
767 1001 861 1064 quam
877 984 1040 1064 octoginta
1067 1001 1135 1058 sex,
1152 985 1183 1048 in
1212 985 1367 1050 honorem

281 1080 397 1145 Christi
413 1081 599 1156 Satratoris.
620 1083 737 1147 Mariae
754 1084 873 1156 Matris,
893 1083 1062 1148 duodecim
1087 1084 1309 1163 apostotorum
1334 1093 1369 1149 et

281 1179 483 1260 septuaginta
500 1182 637 1245 duorum
654 1181 901 1262 discipulorum.

322 1278 406 1342 Obiit
431 1296 515 1344 anno
535 1279 626 1354 root,
644 1279 782 1360 septimo
810 1283 881 1345 idns
897 1281 1061 1346 februarii.
1080 1281 1116 1344 Et
1144 1282 1291 1361 sepultus
1317 1293 1368 1346 est

280 1378 312 1440 in
328 1377 465 1442 eeclesia
482 1379 597 1442 domes
613 1377 729 1442 Montis
745 1379 849 1443 denti.

322 1475 483 1541 Hactenus
510 1479 562 1554 (ait
577 1475 731 1556 Melanos)
748 1495 786 1542 ex
811 1479 874 1541 vita
901 1477 981 1559 ejus,
1000 1495 1081 1560 qnae
1110 1479 1140 1541 in
1157 1479 1253 1543 domo
1270 1480 1364 1544 Stan-

280 1571 394 1639 doniea
411 1577 598 1641 tovantenst
616 1577 775 1658 descripta
791 1588 1015 1642 conservatur.

320 1674 509 1740 visitatores
524 1677 640 1740 dontus
656 1675 876 1750 Lemniensis,
894 1693 932 1740 ex
954 1676 1159 1742 ordinatione
1175 1677 1306 1741 Adriani
1323 1677 1364 1740 de

277 1773 318 1838 de
332 1774 488 1856 Treiecto,
506 1775 631 1851 decani,
648 1792 741 1856 qrrem
765 1776 914 1839 advitam
938 1775 1159 1840 nominaverat
1180 1775 1363 1857 generalem

276 1873 472 1938 visitatorem
489 1882 521 1938 et
542 1883 758 1938 correctorem
775 1875 902 1948 domus,
920 1883 995 1939 sunt
1019 1876 1106 1955 prior
1121 1875 1309 1938 carthusiae
1328 1883 1360 1938 et

275 1981 406 2036 enratns
436 1972 537 2037 saneti
574 1973 674 2046 Petri;
705 1973 822 2054 quibos
857 1974 1079 2038 anctoritatem
1117 1975 1205 2038 dedit
1241 1973 1358 2038 dictem

275 2070 404 2135 domum
422 2071 570 2134 risitandi
586 2079 618 2135 et
634 2073 826 2136 reformandi
845 2073 874 2134 in
891 2073 995 2148 eariite
1011 2083 1043 2137 et
1058 2073 1088 2135 in
1106 2071 1271 2145 membris,
1288 2071 1359 2136 sine

276 2169 418 2235 ulteriori
437 2171 558 2234 radone
573 2173 621 2234 vei
640 2171 840 2252 subjectione
856 2171 894 2234 ad
912 2172 1041 2235 domum
1056 2172 1286 2237 Parisiensem.

315 2270 509 2333 Incrementa
538 2271 657 2334 domos.
685 2269 875 2334 Wiiiteimus
905 2270 1085 2346 vienensis,
1117 2281 1227 2352 pastor
1255 2269 1357 2334 saneti

275 2369 370 2446 Petri,
387 2371 474 2434 dedit
489 2370 657 2435 duodecim
675 2367 816 2435 florenos
831 2386 948 2434 arrone.

311 2469 450 2534 Ioannes
466 2470 506 2533 de
523 2470 661 2546 memet,
677 2469 925 2533 archidiaconns
942 2467 1132 2541 Famennae,
1148 2468 1264 2549 adjeeit
1285 2469 1356 2532 inn-

268 2565 428 2633 dationem
447 2585 503 2648 nro
519 2569 642 2646 deeem,
660 2577 856 2633 eotttraetam
873 2568 912 2631 ad
928 2576 1015 2640 octo,
1033 2584 1115 2648 quae
1131 2585 1216 2631 none
1240 2566 1351 2648 majori

258 2677 340 2748 eget
355 2669 553 2734 reductione.
580 2691 594 2728 s

305 2885 417 2938 Eoetrast
436 2889 474 2936 du
496 2883 682 2954 Weitelyitseh
703 2883 808 2937 nieuws
825 2887 874 2953 uyt
893 2881 983 2936 Loren
997 2881 1090 2950 (1776,
1116 2881 1199 2948 VIII,
1217 2898 1248 2947 p.
1267 2881 1316 2946 69)

739 2979 772 3026 de
789 2973 876 3030 stass.

307 3130 377 3194 dien
400 3131 487 3196 iieeit
508 3132 549 3194 de
569 3129 781 3210 pitilosooiten
806 3131 915 3194 aidaer
936 3130 978 3208 (in
1006 3129 1060 3194 het
1085 3128 1352 3194 Standonekeoi·

263 3230 356 3310 legie)
371 3230 553 3294 woonende
569 3239 615 3294 tot
632 3230 661 3291 in
679 3246 782 3294 onsen
806 3229 858 3310 tyd
877 3246 939 3309 neg
954 3229 1024 3294 sien
1041 3230 1160 3309 dragen
1184 3245 1243 3292 een
1260 3238 1351 3292 soort

264 3346 323 3392 van
352 3328 456 3393 ideine
484 3327 680 3408 kannekens,
708 3329 853 3393 wierden
879 3330 1010 3393 daernm
1040 3329 1080 3392 de
1105 3325 1275 3408 donpekens
1297 3344 1352 3408 ge-

264 3438 388 3504 naemt;
414 3445 501 3493 maer
517 3428 556 3492 de
576 3429 669 3492 mode
685 3427 862 3492 verandetd
890 3428 920 3490 in
938 3428 1028 3501 alies,
1046 3427 1137 3490 ditis
1163 3438 1193 3491 te
1210 3427 1287 3492 niet.
1306 3427 1352 3490 De

262 3529 468 3609 presidentes
491 3543 602 3591 waren
625 3526 688 3591 onis
711 3527 794 3608 aityd
826 3544 912 3591 maer
934 3543 1014 3592 root·
1035 3527 1097 3592 den
1124 3527 1175 3606 tyd
1203 3543 1264 3588 van
1290 3526 1349 3605 dry

258 3625 381 3706 J'aeren,
406 3645 446 3690 no
467 3643 548 3690 root·
570 3626 623 3689 iret
641 3626 732 3690 leven
753 3627 801 3690 ais
822 3627 886 3691 aiie
907 3626 1042 3702 andere3
1068 3635 1143 3709 noyt
1161 3626 1262 3690 wirrd
1286 3625 1347 3690 den

263 3727 426 3805 president
441 3734 589 3806 getraamt
603 3725 651 3788 ais
665 3732 767 3804 noter:
784 3727 847 3808 dog
862 3728 907 3790 dit
930 3727 957 3790 is
973 3725 1149 3790 verenderd
1167 3727 1270 3790 onder
1285 3725 1347 3790 den

260 3824 357 3889 heere
376 3825 539 3905 president
558 3824 600 3888 Le
616 3824 722 3906 Paige
740 3826 793 3889 die
817 3829 910 3889 sterit
933 3826 971 3888 ii
993 3825 1074 3906 Jnnii
1094 3823 1185 3888 ttoe.
1204 3824 1270 3888 den
1294 3824 1350 3888 het

259 3923 356 3987 hooid
381 3941 439 3987 ran
464 3925 524 3989 den
552 3925 742 3987 deod-briei
760 3940 819 3985 van
843 3925 905 3987 den
928 3925 1038 3989 seiron
1064 3925 1159 3988 heere
1185 3925 1226 3988 Le
1251 3923 1344 4004 Paige

259 4030 350 4085 steen
367 4023 445 4088 dese
460 4024 615 4088 woorden
635 4039 642 4084 :
660 4045 677 4080 ι(
695 4023 809 4085 Cecidit
820 4032 1088 4106 paterpronerom
1101 4048 1131 4085 ι.
1151 4022 1200 4086 ott
1212 4021 1348 4102 eoiiegie

258 4122 349 4184 word
367 4123 475 4187 sedent
490 4124 530 4186 de
545 4122 628 4186 deod
646 4139 705 4184 vnn
723 4124 785 4186 den
801 4124 910 4187 seiten
928 4127 1023 4189 tteere
1040 4123 1082 4188 Le
1099 4122 1194 4203 Paige
1209 4121 1346 4186 bestiert

259 4221 343 4285 door
358 4223 419 4286 den
437 4235 535 4286 eertr.
555 4222 651 4286 heere
669 4220 770 4284 Pelet.
