3236 4952
710 417 899 481 -teo-

305 597 447 672 Lovanii,
473 615 511 662 en
536 597 623 662 dicto
647 597 711 661 divi
734 598 903 680 Augustini
926 596 1076 678 collegio,
1091 597 1130 659 l3
1156 595 1352 677 septembris

262 713 347 761 anno
364 695 455 759 test.

858 797 985 859 lacones
999 795 1134 869 loturus,

589 927 700 976 sacrae
730 911 911 994 theologiae
948 911 1115 992 professor
1151 920 1182 974 et
1221 907 1348 989 collegii

584 1011 658 1075 dieti
677 1011 878 1091 praesidens,
896 1021 1003 1074 vester
1019 1010 1050 1072 in
1069 1009 1204 1074 llontiuo
1221 1023 1348 1072 servus.

299 1145 525 1226 Superscra'ptiu
544 1163 550 1208 :
568 1144 691 1210 Eximio
713 1145 845 1210 domino
861 1163 899 1210 ao
914 1160 1026 1209 sacrae
1044 1141 1226 1223 theologiae
1242 1141 1346 1206 liceu-

259 1245 338 1310 tiato
375 1243 506 1308 domino
534 1241 671 1308 ilathiae
701 1244 891 1308 Lambreeht
928 1244 1152 1318 Laurentiano,
1191 1239 1350 1308 eeclesiae

258 1343 439 1424 Brugensis
455 1343 682 1408 archidiacono
699 1343 902 1423 dignissimo.
921 1344 1044 1406 Baucis.

710 1475 889 1529 Archimede
904 1457 1000 1537 turm,
1017 1475 1164 1542 eBruges.
1179 1473 1310 1528 Archives

696 1565 927 1636 ecclesiastiques,
943 1571 1044 1637 paquel
1057 1572 1089 1619 n⁰
1101 1567 1138 1618 77
1152 1563 1257 1636 (7753),
1272 1569 1303 1616 u⁰
1316 1563 1347 1617 4.

580 1745 604 1804 st
622 1736 706 1792 lettre
718 1745 756 1792 du
769 1743 855 1792 preme
867 1757 906 1794 au
921 1745 1018 1792 meme.

658 1861 694 1916 25
707 1861 851 1918 decembre
869 1861 949 1919 1585.

299 1983 330 2044 S.
350 1984 383 2046 P.
402 1983 522 2046 Eximio
544 1982 674 2048 domine
697 1985 868 2049 confrater.
896 1984 1017 2048 Literas
1043 1993 1167 2047 vestros
1190 1982 1229 2046 t6
1252 1982 1347 2064 hujus

260 2083 378 2146 isthinc
390 2083 539 2161 scriptas,
550 2082 589 2144 ab
601 2083 745 2162 eiusdem
759 2084 810 2147 hic
823 2084 941 2164 recepi.
959 2083 1081 2158 Quibus
1096 2083 1255 2163 perlectis,
1271 2099 1351 2147 non-

262 2181 339 2243 nihil
367 2181 492 2253 erubui,
518 2181 693 2245 observans
721 2183 949 2246 humanitatem
974 2192 1124 2258 vestram,
1149 2198 1231 2261 quae
1255 2181 1348 2244 uobis

261 2278 402 2343 officium
426 2288 577 2358 praestat,
596 2280 697 2360 magis
717 2297 791 2344 esse
815 2281 960 2344 sedulam
985 2298 1021 2344 ac
1044 2281 1228 2352 sollicitam,
1253 2295 1349 2360 quam

262 2395 334 2458 ego.
348 2377 440 2458 eujus
456 2395 494 2442 ox
510 2388 600 2458 parte
615 2378 714 2454 gratia
731 2379 762 2440 id
777 2387 934 2459 praestan
949 2395 1058 2459 quare,
1074 2396 1113 2442 ne
1129 2379 1211 2458 piam
1228 2377 1349 2442 solliei-

263 2478 404 2542 tuliuem
430 2487 515 2541 tuam
542 2478 663 2542 dlutius
689 2495 878 2558 suspensam
903 2479 1074 2548 detineam.
1101 2479 1170 2542 siue
1195 2477 1353 2542 dilatione

263 2576 522 2657 respondendum
535 2577 686 2658 judicavi,
705 2594 755 2640 me
771 2579 897 2658 priores
914 2587 1038 2642 vestras
1055 2578 1164 2640 literas
1180 2577 1199 2638 3
1215 2592 1346 2640 novem-

262 2675 329 2739 bris
345 2675 524 2756 superioris
546 2677 664 2742 isthinc
686 2677 837 2756 scriptas,
857 2677 959 2757 prima
981 2675 1077 2756 hujus
1094 2676 1145 2739 hic
1169 2675 1344 2756 recepisse,

263 2790 324 2838 una
359 2790 432 2837 eum
469 2774 685 2840 attestatione·
707 2775 820 2854 gallica
858 2775 898 2838 de
932 2785 1035 2838 morte
1069 2775 1138 2853 piae
1175 2774 1348 2840 memoriae

262 2873 383 2936 domini
398 2873 548 2947 Victoris,
566 2882 597 2937 et
613 2882 756 2938 extracto
772 2873 911 2954 quodam
927 2890 965 2937 ex
982 2881 1173 2936 testamento
1188 2872 1346 2952 ejusdem,

262 2972 379 3052 quibus
398 2972 527 3052 junctae
548 2982 639 3040 erant
661 2973 772 3037 literae
788 2981 915 3037 vestrae
938 2972 976 3034 ad
994 2972 1179 3052 magistrum
1204 2982 1350 3034 nostrum

262 3069 467 3142 brendonok,
496 3070 598 3134 sancti
625 3070 711 3135 Petri
738 3087 824 3134 nunc
852 3080 1024 3148 pastorem,
1044 3081 1075 3134 et
1097 3071 1261 3134 dominum
1286 3069 1350 3134 Bo·

262 3176 381 3249 gaerts,
395 3169 604 3243 canonicum3
622 3185 702 3250 quas
718 3169 767 3234 eis
780 3170 887 3233 statim
905 3168 1077 3233 tradendas
1093 3169 1214 3233 curavi.
1230 3169 1348 3248 lleeepi

262 3276 367 3330 autem
383 3267 461 3332 haec
478 3284 534 3347 per
551 3267 703 3332 nuncium
716 3269 976 3340 Bruxellensem
995 3277 1190 3348 quapropter
1206 3282 1349 3330 commo-

261 3368 359 3430 ditate
373 3367 540 3446 perlatoris
556 3367 741 3438 destitutus,
757 3366 900 3430 nonnihil
917 3377 1089 3430 excusatus
1106 3367 1188 3445 apud
1204 3365 1347 3428 humaui·

262 3475 357 3529 tatem
370 3473 456 3529 tuam
469 3465 620 3537 habebor,
635 3482 697 3545 quo
711 3466 817 3529 minus
830 3467 935 3529 statim
950 3465 1183 3545 responderim,
1200 3465 1345 3538 maxime,

262 3565 336 3644 quia
352 3581 401 3640 ea,
417 3581 498 3646 quae
514 3564 609 3628 dietis
627 3563 743 3628 vestris
759 3565 994 3644 posterioribus
1013 3565 1118 3628 literis
1138 3564 1213 3626 mihi
1231 3580 1350 3644 propo·

263 3673 371 3727 suerat
398 3662 615 3736 rescribenda,
641 3663 729 3742 prius
753 3680 825 3726 cum
849 3664 979 3728 domino
1005 3664 1198 3728 eartoellario
1223 3673 1346 3736 nostre,

263 3770 338 3825 tuno
354 3762 509 3842 temporis
528 3760 620 3836 male,
640 3778 724 3824 nunc
747 3770 851 3826 autem
870 3762 996 3836 melius,
1015 3762 1080 3826 [leo
1097 3761 1178 3834 leus,
1197 3760 1347 3834 habente,

261 3869 352 3924 erant
375 3859 653 3922 communicanda.
672 3858 718 3921 hd
743 3875 780 3922 ea
796 3870 902 3923 autem
927 3860 1094 3940 respoudit
1117 3859 1266 3923 dominus
1283 3873 1347 3922 nott

260 3973 361 4038 opus·
381 3975 455 4042 esse
488 3973 568 4020 nova
603 3957 811 4022 translatione
843 3959 1024 4022 reddituum
1059 3957 1179 4022 domini
1214 3957 1351 4020 Victoris

261 4058 291 4120 in
324 4073 416 4122 usum
446 4073 483 4120 ao
513 4057 732 4121 fundationem
768 4058 951 4133 bursarum,
982 4058 1240 4138 quandoquidem
1277 4057 1350 4138 ipse

259 4155 412 4219 dominus
440 4154 548 4217 Victor
570 4155 674 4219 adhuc
698 4155 809 4220 vivens
832 4173 889 4220 eos
906 4173 1013 4220 coram
1038 4157 1162 4220 notario
1186 4152 1351 4220 transtulit
