<?xml version="1.0" encoding="UTF-8"?>
<!DOCTYPE html PUBLIC "-//W3C//DTD XHTML 1.0 Transitional//EN"
    "http://www.w3.org/TR/xhtml1/DTD/xhtml1-transitional.dtd">
<html xmlns="http://www.w3.org/1999/xhtml" xml:lang="en" lang="en">
 <head>
  <title>
</title>
<meta http-equiv="Content-Type" content="text/html;charset=utf-8" />
  <meta name='ocr-system' content='tesseract 3.04.00' />
  <meta name='ocr-capabilities' content='ocr_page ocr_carea ocr_par ocr_line ocrx_word'/>
</head>
<body>
  <div class='ocr_page' id='page_1' title='image "./documentsrelati01reusgoog/documentsrelati01reusgoog_0521.png"; bbox 0 0 3252 4954; ppageno 0'>
   <div class='ocr_carea' id='block_1_1' title="bbox 745 427 930 514">
    <p class='ocr_par' dir='ltr' id='par_1_1' title="bbox 745 427 930 514">
     <span class='ocr_line' id='line_1_1' title="bbox 745 427 930 514; baseline 0 -26"><span class='ocrx_word' id='word_1_1' title='bbox 745 427 865 489; x_wconf 80' lang='lat' dir='ltr'><strong>-sor</strong></span> <span class='ocrx_word' id='word_1_2' title='bbox 890 459 930 514; x_wconf 61' lang='lat'>÷</span> 
     </span>
    </p>
   </div>
   <div class='ocr_carea' id='block_1_2' title="bbox 267 604 1359 1878">
    <p class='ocr_par' dir='ltr' id='par_1_2' title="bbox 267 604 1359 1878">
     <span class='ocr_line' id='line_1_2' title="bbox 268 604 1356 690; baseline 0.007 -26"><span class='ocrx_word' id='word_1_3' title='bbox 268 629 283 664; x_wconf 79' lang='lat' dir='ltr'><strong>t</strong></span> <span class='ocrx_word' id='word_1_4' title='bbox 301 606 520 689; x_wconf 76' lang='lat' dir='ltr'><strong>expectatione</strong></span> <span class='ocrx_word' id='word_1_5' title='bbox 537 604 666 688; x_wconf 90' lang='lat' dir='ltr'><strong>majoris</strong></span> <span class='ocrx_word' id='word_1_6' title='bbox 682 606 845 687; x_wconf 87' lang='lat' dir='ltr'><strong>stipendii,</strong></span> <span class='ocrx_word' id='word_1_7' title='bbox 862 623 961 690; x_wconf 91' lang='lat' dir='ltr'><strong>quum</strong></span> <span class='ocrx_word' id='word_1_8' title='bbox 977 607 1065 675; x_wconf 91' lang='lat' dir='ltr'><strong>iilius</strong></span> <span class='ocrx_word' id='word_1_9' title='bbox 1081 607 1278 689; x_wconf 87' lang='lat' dir='ltr'><strong>percipiendi</strong></span> <span class='ocrx_word' id='word_1_10' title='bbox 1291 609 1356 680; x_wconf 87' lang='lat' dir='ltr'><strong>erit</strong></span> 
     </span>
     <span class='ocr_line' id='line_1_3' title="bbox 269 697 683 787; baseline -0.007 -20"><span class='ocrx_word' id='word_1_11' title='bbox 269 697 284 767; x_wconf 66' lang='lat' dir='ltr'><strong>a</strong></span> <span class='ocrx_word' id='word_1_12' title='bbox 301 705 430 772; x_wconf 82' lang='lat' dir='ltr'>occasio</span> <span class='ocrx_word' id='word_1_13' title='bbox 446 715 477 770; x_wconf 89' lang='lat' dir='ltr'><strong>ct</strong></span> <span class='ocrx_word' id='word_1_14' title='bbox 492 714 646 787; x_wconf 89' lang='lat' dir='ltr'><strong>potestas.</strong></span> <span class='ocrx_word' id='word_1_15' title='bbox 666 729 683 764; x_wconf 90' lang='lat'>»</span> 
     </span>
     <span class='ocr_line' id='line_1_4' title="bbox 280 803 1356 886; baseline 0.003 -19"><span class='ocrx_word' id='word_1_16' title='bbox 280 881 284 886; x_wconf 27' lang='grc' dir='ltr'>Ι</span> <span class='ocrx_word' id='word_1_17' title='bbox 309 803 401 870; x_wconf 88' lang='lat' dir='ltr'><strong>Brevi</strong></span> <span class='ocrx_word' id='word_1_18' title='bbox 425 814 529 869; x_wconf 89' lang='lat' dir='ltr'><strong>tamen</strong></span> <span class='ocrx_word' id='word_1_19' title='bbox 551 812 625 884; x_wconf 89' lang='lat' dir='ltr'><strong>past</strong></span> <span class='ocrx_word' id='word_1_20' title='bbox 645 805 688 869; x_wconf 93' lang='lat' dir='ltr'><strong>ob</strong></span> <span class='ocrx_word' id='word_1_21' title='bbox 708 813 888 885; x_wconf 89' lang='lat' dir='ltr'><strong>temporam</strong></span> <span class='ocrx_word' id='word_1_22' title='bbox 905 805 1103 870; x_wconf 77' lang='lat' dir='ltr'><strong>calamitates</strong></span> <span class='ocrx_word' id='word_1_23' title='bbox 1119 805 1356 886; x_wconf 79' lang='lat' dir='ltr'><strong>professionem</strong></span> 
     </span>
     <span class='ocr_line' id='line_1_5' title="bbox 268 903 1356 986; baseline 0.001 -18"><span class='ocrx_word' id='word_1_24' title='bbox 268 907 351 970; x_wconf 92' lang='lat' dir='ltr'><strong>banc</strong></span> <span class='ocrx_word' id='word_1_25' title='bbox 365 905 510 970; x_wconf 90' lang='lat' dir='ltr'><strong>deseruit</strong></span> <span class='ocrx_word' id='word_1_26' title='bbox 528 903 768 986; x_wconf 82' lang='lat' dir='ltr'><strong>lluysmannas,</strong></span> <span class='ocrx_word' id='word_1_27' title='bbox 785 915 816 970; x_wconf 88' lang='lat' dir='ltr'><strong>ot</strong></span> <span class='ocrx_word' id='word_1_28' title='bbox 843 903 1034 970; x_wconf 85' lang='lat' dir='ltr'><strong>bionantum</strong></span> <span class='ocrx_word' id='word_1_29' title='bbox 1063 905 1220 986; x_wconf 77' lang='lat' dir='ltr'><strong>migravit,</strong></span> <span class='ocrx_word' id='word_1_30' title='bbox 1238 905 1356 971; x_wconf 86' lang='lat' dir='ltr'><strong>ibidem</strong></span> 
     </span>
     <span class='ocr_line' id='line_1_6' title="bbox 268 1001 1357 1092; baseline 0.001 -23"><span class='ocrx_word' id='word_1_31' title='bbox 268 1005 400 1092; x_wconf 85' lang='lat' dir='ltr'><strong>sabolae</strong></span> <span class='ocrx_word' id='word_1_32' title='bbox 426 1003 543 1068; x_wconf 88' lang='lat' dir='ltr'><strong>latinae</strong></span> <span class='ocrx_word' id='word_1_33' title='bbox 568 1011 676 1070; x_wconf 90' lang='lat' dir='ltr'><strong>rector</strong></span> <span class='ocrx_word' id='word_1_34' title='bbox 704 1003 912 1069; x_wconf 81' lang='lat' dir='ltr'><strong>constitutus</strong></span> <span class='ocrx_word' id='word_1_35' title='bbox 944 1001 1022 1068; x_wconf 89' lang='lat' dir='ltr'><strong>inde</strong></span> <span class='ocrx_word' id='word_1_36' title='bbox 1052 1004 1085 1066; x_wconf 92' lang='lat' dir='ltr'><strong>in</strong></span> <span class='ocrx_word' id='word_1_37' title='bbox 1115 1003 1237 1068; x_wconf 90' lang='lat' dir='ltr'><strong>ltaliam</strong></span> <span class='ocrx_word' id='word_1_38' title='bbox 1266 1004 1357 1084; x_wconf 84' lang='lat' dir='ltr'><strong>abiit,</strong></span> 
     </span>
     <span class='ocr_line' id='line_1_7' title="bbox 271 1101 1357 1184; baseline -0.002 -14"><span class='ocrx_word' id='word_1_39' title='bbox 271 1104 323 1170; x_wconf 94' lang='lat' dir='ltr'><strong>ubi</strong></span> <span class='ocrx_word' id='word_1_40' title='bbox 352 1103 511 1184; x_wconf 88' lang='lat' dir='ltr'><strong>reliquum</strong></span> <span class='ocrx_word' id='word_1_41' title='bbox 534 1103 616 1168; x_wconf 91' lang='lat' dir='ltr'><strong>vitae</strong></span> <span class='ocrx_word' id='word_1_42' title='bbox 631 1101 717 1184; x_wconf 77' lang='lat' dir='ltr'><strong>egit.</strong></span> <span class='ocrx_word' id='word_1_43' title='bbox 745 1102 830 1168; x_wconf 83' lang='lat' dir='ltr'><strong>Obiit</strong></span> <span class='ocrx_word' id='word_1_44' title='bbox 854 1118 939 1168; x_wconf 91' lang='lat' dir='ltr'><strong>anno</strong></span> <span class='ocrx_word' id='word_1_45' title='bbox 965 1101 1056 1166; x_wconf 83' lang='grc'>1613.</span> <span class='ocrx_word' id='word_1_46' title='bbox 1085 1101 1232 1168; x_wconf 79' lang='lat' dir='ltr'><strong>celebrat</strong></span> <span class='ocrx_word' id='word_1_47' title='bbox 1253 1101 1357 1184; x_wconf 79' lang='lat' dir='ltr'><strong>llups·</strong></span> 
     </span>
     <span class='ocr_line' id='line_1_8' title="bbox 271 1200 1359 1282; baseline 0.002 -16"><span class='ocrx_word' id='word_1_48' title='bbox 271 1219 421 1266; x_wconf 89' lang='lat' dir='ltr'><strong>mannum</strong></span> <span class='ocrx_word' id='word_1_49' title='bbox 449 1203 590 1266; x_wconf 81' lang='lat' dir='ltr'><strong>loannes</strong></span> <span class='ocrx_word' id='word_1_50' title='bbox 616 1201 818 1276; x_wconf 77' lang='lat' dir='ltr'><strong>Bernartius,</strong></span> <span class='ocrx_word' id='word_1_51' title='bbox 845 1201 878 1266; x_wconf 92' lang='lat' dir='ltr'><strong>in</strong></span> <span class='ocrx_word' id='word_1_52' title='bbox 910 1217 1023 1282; x_wconf 87' lang='lat' dir='ltr'><strong>opere,</strong></span> <span class='ocrx_word' id='word_1_53' title='bbox 1054 1200 1106 1281; x_wconf 90' lang='lat' dir='ltr'><strong>cui</strong></span> <span class='ocrx_word' id='word_1_54' title='bbox 1137 1200 1283 1266; x_wconf 87' lang='lat' dir='ltr'><strong>titulus:</strong></span> <span class='ocrx_word' id='word_1_55' title='bbox 1313 1203 1359 1268; x_wconf 86' lang='lat' dir='ltr'><strong>lla</strong></span> 
     </span>
     <span class='ocr_line' id='line_1_9' title="bbox 267 1299 1358 1392; baseline 0.001 -27"><span class='ocrx_word' id='word_1_56' title='bbox 267 1303 401 1392; x_wconf 81' lang='lat' dir='ltr'><strong>utilitate</strong></span> <span class='ocrx_word' id='word_1_57' title='bbox 415 1301 561 1382; x_wconf 85' lang='lat' dir='ltr'><strong>lepandaa</strong></span> <span class='ocrx_word' id='word_1_58' title='bbox 575 1301 732 1376; x_wconf 76' lang='lat' dir='ltr'><strong>historiae,</strong></span> <span class='ocrx_word' id='word_1_59' title='bbox 750 1301 805 1366; x_wconf 93' lang='lat' dir='ltr'><strong>lib.</strong></span> <span class='ocrx_word' id='word_1_60' title='bbox 824 1301 849 1378; x_wconf 92' lang='lat' dir='ltr'><strong>l,</strong></span> <span class='ocrx_word' id='word_1_61' title='bbox 867 1318 885 1366; x_wconf 92' lang='lat' dir='ltr'><strong>a</strong></span> <span class='ocrx_word' id='word_1_62' title='bbox 906 1300 1058 1376; x_wconf 87' lang='lat' dir='ltr'><strong>candore,</strong></span> <span class='ocrx_word' id='word_1_63' title='bbox 1083 1299 1146 1367; x_wconf 88' lang='lat' dir='ltr'><strong>ilde</strong></span> <span class='ocrx_word' id='word_1_64' title='bbox 1161 1311 1193 1366; x_wconf 92' lang='lat' dir='ltr'><strong>et</strong></span> <span class='ocrx_word' id='word_1_65' title='bbox 1209 1301 1358 1366; x_wconf 87' lang='lat' dir='ltr'><strong>bumani-</strong></span> 
     </span>
     <span class='ocr_line' id='line_1_10' title="bbox 269 1399 1356 1482; baseline 0.001 -17"><span class='ocrx_word' id='word_1_66' title='bbox 269 1411 343 1466; x_wconf 91' lang='lat' dir='ltr'><strong>tate.</strong></span> <span class='ocrx_word' id='word_1_67' title='bbox 368 1401 440 1466; x_wconf 87' lang='lat' dir='ltr'><strong>Fuit</strong></span> <span class='ocrx_word' id='word_1_68' title='bbox 461 1401 505 1464; x_wconf 93' lang='lat' dir='ltr'><strong>illi</strong></span> <span class='ocrx_word' id='word_1_69' title='bbox 526 1417 635 1465; x_wconf 83' lang='lat' dir='ltr'><strong>serina</strong></span> <span class='ocrx_word' id='word_1_70' title='bbox 657 1400 761 1466; x_wconf 86' lang='lat' dir='ltr'><strong>facitis</strong></span> <span class='ocrx_word' id='word_1_71' title='bbox 776 1410 808 1465; x_wconf 88' lang='lat' dir='ltr'><strong>et</strong></span> <span class='ocrx_word' id='word_1_72' title='bbox 834 1399 1009 1482; x_wconf 89' lang='lat' dir='ltr'><strong>aequaliter</strong></span> <span class='ocrx_word' id='word_1_73' title='bbox 1033 1399 1149 1474; x_wconf 87' lang='lat' dir='ltr'><strong>lluens,</strong></span> <span class='ocrx_word' id='word_1_74' title='bbox 1174 1416 1237 1464; x_wconf 90' lang='lat' dir='ltr'><strong>nou</strong></span> <span class='ocrx_word' id='word_1_75' title='bbox 1253 1399 1356 1476; x_wconf 84' lang='lat' dir='ltr'><strong>anxie,</strong></span> 
     </span>
     <span class='ocr_line' id='line_1_11' title="bbox 270 1499 1357 1579; baseline 0.001 -17"><span class='ocrx_word' id='word_1_76' title='bbox 270 1518 332 1566; x_wconf 79' lang='lat' dir='ltr'><strong>raon</strong></span> <span class='ocrx_word' id='word_1_77' title='bbox 350 1503 479 1565; x_wconf 73' lang='lat' dir='ltr'><strong>morose</strong></span> <span class='ocrx_word' id='word_1_78' title='bbox 493 1499 834 1579; x_wconf 85' lang='lat' dir='ltr'><strong>diligens,conoinnus</strong></span> <span class='ocrx_word' id='word_1_79' title='bbox 851 1509 967 1576; x_wconf 88' lang='lat' dir='ltr'><strong>tamen,</strong></span> <span class='ocrx_word' id='word_1_80' title='bbox 977 1515 1079 1579; x_wconf 91' lang='lat' dir='ltr'><strong>purus</strong></span> <span class='ocrx_word' id='word_1_81' title='bbox 1094 1515 1132 1563; x_wconf 91' lang='lat' dir='ltr'><strong>ac</strong></span> <span class='ocrx_word' id='word_1_82' title='bbox 1149 1514 1357 1564; x_wconf 88' lang='lat' dir='ltr'><strong>numerosus.</strong></span> 
     </span>
     <span class='ocr_line' id='line_1_12' title="bbox 311 1595 1357 1679; baseline 0.002 -19"><span class='ocrx_word' id='word_1_83' title='bbox 311 1600 436 1664; x_wconf 85' lang='lat' dir='ltr'><strong>videsis</strong></span> <span class='ocrx_word' id='word_1_84' title='bbox 459 1599 499 1664; x_wconf 90' lang='lat' dir='ltr'><strong>dc</strong></span> <span class='ocrx_word' id='word_1_85' title='bbox 522 1597 730 1678; x_wconf 80' lang='lat' dir='ltr'><strong>iluysnranno</strong></span> <span class='ocrx_word' id='word_1_86' title='bbox 755 1597 790 1660; x_wconf 83' lang='lat' dir='ltr'><strong>F.</strong></span> <span class='ocrx_word' id='word_1_87' title='bbox 815 1598 914 1672; x_wconf 81' lang='lat' dir='ltr'><strong>Neve,</strong></span> <span class='ocrx_word' id='word_1_88' title='bbox 938 1615 991 1679; x_wconf 93' lang='lat' dir='ltr'><strong>op.</strong></span> <span class='ocrx_word' id='word_1_89' title='bbox 1020 1597 1091 1672; x_wconf 79' lang='lat' dir='ltr'><strong>cit,</strong></span> <span class='ocrx_word' id='word_1_90' title='bbox 1120 1614 1173 1677; x_wconf 91' lang='lat' dir='ltr'><strong>pp.</strong></span> <span class='ocrx_word' id='word_1_91' title='bbox 1199 1595 1357 1672; x_wconf 68' lang='lat' dir='ltr'><strong>toa-1663</strong></span> 
     </span>
     <span class='ocr_line' id='line_1_13' title="bbox 269 1695 1359 1778; baseline -0.001 -16"><span class='ocrx_word' id='word_1_92' title='bbox 269 1707 302 1762; x_wconf 84' lang='lat' dir='ltr'><strong>et</strong></span> <span class='ocrx_word' id='word_1_93' title='bbox 314 1708 457 1768; x_wconf 85' lang='lat' dir='ltr'><strong>nostram</strong></span> <span class='ocrx_word' id='word_1_94' title='bbox 472 1697 555 1762; x_wconf 89' lang='lat' dir='ltr'><strong>vitae</strong></span> <span class='ocrx_word' id='word_1_95' title='bbox 568 1697 654 1762; x_wconf 90' lang='lat' dir='ltr'><strong>illius</strong></span> <span class='ocrx_word' id='word_1_96' title='bbox 666 1697 940 1762; x_wconf 86' lang='lat' dir='ltr'><strong>adumbrationem</strong></span> <span class='ocrx_word' id='word_1_97' title='bbox 954 1698 986 1760; x_wconf 92' lang='lat' dir='ltr'><strong>in</strong></span> <span class='ocrx_word' id='word_1_98' title='bbox 1003 1695 1188 1778; x_wconf 83' lang='lat' dir='ltr'><strong>llioprapiu&#39;a</strong></span> <span class='ocrx_word' id='word_1_99' title='bbox 1201 1695 1359 1761; x_wconf 81' lang='lat' dir='ltr'><strong>nationale</strong></span> 
     </span>
     <span class='ocr_line' id='line_1_14' title="bbox 270 1789 811 1878; baseline 0 -18"><span class='ocrx_word' id='word_1_100' title='bbox 270 1799 308 1862; x_wconf 85' lang='lat' dir='ltr'><strong>da</strong></span> <span class='ocrx_word' id='word_1_101' title='bbox 325 1797 480 1878; x_wconf 83' lang='lat' dir='ltr'><strong>Belpiqua,</strong></span> <span class='ocrx_word' id='word_1_102' title='bbox 498 1795 551 1870; x_wconf 88' lang='lat' dir='ltr'><strong>lX,</strong></span> <span class='ocrx_word' id='word_1_103' title='bbox 569 1796 644 1862; x_wconf 92' lang='lat' dir='ltr'><strong>coll.</strong></span> <span class='ocrx_word' id='word_1_104' title='bbox 663 1789 811 1860; x_wconf 75' lang='lat' dir='ltr'><strong>tua-toi.</strong></span> 
     </span>
    </p>
   </div>
   <div class='ocr_carea' id='block_1_3' title="bbox 313 1927 1362 2044">
    <p class='ocr_par' dir='ltr' id='par_1_3' title="bbox 313 1927 1362 2044">
     <span class='ocr_line' id='line_1_15' title="bbox 313 1927 1362 2044; baseline 0.002 -18"><span class='ocrx_word' id='word_1_105' title='bbox 313 1963 343 2027; x_wconf 89' lang='grc'><strong>6.</strong></span> <span class='ocrx_word' id='word_1_106' title='bbox 371 1965 480 2027; x_wconf 85' lang='lat' dir='ltr'><strong>tusrus</strong></span> <span class='ocrx_word' id='word_1_107' title='bbox 506 1963 635 2036; x_wconf 80' lang='lat' dir='ltr'><strong>Lusius,</strong></span> <span class='ocrx_word' id='word_1_108' title='bbox 668 1971 760 2028; x_wconf 92' lang='lat' dir='ltr'><strong>natus</strong></span> <span class='ocrx_word' id='word_1_109' title='bbox 790 1963 881 2027; x_wconf 90' lang='lat' dir='ltr'><strong>lscac</strong></span> <span class='ocrx_word' id='word_1_110' title='bbox 911 1927 1136 2044; x_wconf 61' lang='lat' dir='ltr'><strong>(anrpssclral</strong></span> <span class='ocrx_word' id='word_1_111' title='bbox 1170 1961 1362 2028; x_wconf 83' lang='lat' dir='ltr'><strong>Brabantiae</strong></span> 
     </span>
    </p>
   </div>
   <div class='ocr_carea' id='block_1_4' title="bbox 269 2060 1408 4238">
    <p class='ocr_par' dir='ltr' id='par_1_4' title="bbox 269 2060 1408 4238">
     <span class='ocr_line' id='line_1_16' title="bbox 272 2060 1358 2144; baseline -0.001 -19"><span class='ocrx_word' id='word_1_112' title='bbox 272 2063 457 2144; x_wconf 87' lang='lat' dir='ltr'><strong>municipia,</strong></span> <span class='ocrx_word' id='word_1_113' title='bbox 490 2061 526 2125; x_wconf 90' lang='lat' dir='ltr'><strong>l8</strong></span> <span class='ocrx_word' id='word_1_114' title='bbox 551 2061 695 2126; x_wconf 84' lang='lat' dir='ltr'><strong>octobris</strong></span> <span class='ocrx_word' id='word_1_115' title='bbox 721 2061 813 2134; x_wconf 75' lang='lat' dir='ltr'><strong>latr,</strong></span> <span class='ocrx_word' id='word_1_116' title='bbox 843 2061 952 2125; x_wconf 88' lang='lat' dir='ltr'><strong>literas</strong></span> <span class='ocrx_word' id='word_1_117' title='bbox 982 2061 1191 2124; x_wconf 84' lang='lat' dir='ltr'><strong>humaniores</strong></span> <span class='ocrx_word' id='word_1_118' title='bbox 1222 2060 1358 2140; x_wconf 89' lang='lat' dir='ltr'><strong>primum</strong></span> 
     </span>
     <span class='ocr_line' id='line_1_17' title="bbox 270 2159 1360 2240; baseline -0.003 -15"><span class='ocrx_word' id='word_1_119' title='bbox 270 2162 343 2226; x_wconf 79' lang='lat' dir='ltr'><strong>Albi</strong></span> <span class='ocrx_word' id='word_1_120' title='bbox 366 2163 397 2225; x_wconf 94' lang='lat' dir='ltr'><strong>in</strong></span> <span class='ocrx_word' id='word_1_121' title='bbox 413 2161 580 2226; x_wconf 87' lang='lat' dir='ltr'><strong>Hannonia</strong></span> <span class='ocrx_word' id='word_1_122' title='bbox 603 2161 724 2233; x_wconf 89' lang='lat' dir='ltr'><strong>libavit,</strong></span> <span class='ocrx_word' id='word_1_123' title='bbox 742 2159 895 2224; x_wconf 81' lang='lat' dir='ltr'><strong>Coloniae</strong></span> <span class='ocrx_word' id='word_1_124' title='bbox 921 2159 1060 2240; x_wconf 86' lang='lat' dir='ltr'><strong>penitius</strong></span> <span class='ocrx_word' id='word_1_125' title='bbox 1082 2159 1217 2234; x_wconf 85' lang='lat' dir='ltr'><strong>imbibit,</strong></span> <span class='ocrx_word' id='word_1_126' title='bbox 1235 2169 1267 2222; x_wconf 90' lang='lat' dir='ltr'><strong>et</strong></span> <span class='ocrx_word' id='word_1_127' title='bbox 1290 2159 1360 2240; x_wconf 89' lang='lat' dir='ltr'><strong>pbi-</strong></span> 
     </span>
     <span class='ocr_line' id='line_1_18' title="bbox 269 2257 1357 2342; baseline -0.002 -16"><span class='ocrx_word' id='word_1_128' title='bbox 269 2262 438 2342; x_wconf 90' lang='lat' dir='ltr'><strong>losopbiae</strong></span> <span class='ocrx_word' id='word_1_129' title='bbox 460 2261 578 2326; x_wconf 89' lang='lat' dir='ltr'><strong>ibidem</strong></span> <span class='ocrx_word' id='word_1_130' title='bbox 604 2261 753 2326; x_wconf 88' lang='lat' dir='ltr'><strong>universa</strong></span> <span class='ocrx_word' id='word_1_131' title='bbox 776 2261 879 2340; x_wconf 87' lang='lat' dir='ltr'><strong>spatia</strong></span> <span class='ocrx_word' id='word_1_132' title='bbox 903 2276 975 2324; x_wconf 87' lang='lat' dir='ltr'><strong>cunr</strong></span> <span class='ocrx_word' id='word_1_133' title='bbox 999 2258 1094 2324; x_wconf 89' lang='lat' dir='ltr'><strong>laude</strong></span> <span class='ocrx_word' id='word_1_134' title='bbox 1116 2257 1260 2324; x_wconf 88' lang='lat' dir='ltr'><strong>decurrit</strong></span> <span class='ocrx_word' id='word_1_135' title='bbox 1274 2259 1357 2340; x_wconf 88' lang='lat' dir='ltr'><strong>apud</strong></span> 
     </span>
     <span class='ocr_line' id='line_1_19' title="bbox 273 2358 1365 2442; baseline -0.002 -17"><span class='ocrx_word' id='word_1_136' title='bbox 273 2369 379 2442; x_wconf 85' lang='lat' dir='ltr'><strong>patres</strong></span> <span class='ocrx_word' id='word_1_137' title='bbox 402 2361 570 2425; x_wconf 81' lang='lat' dir='ltr'><strong>societatis</strong></span> <span class='ocrx_word' id='word_1_138' title='bbox 592 2361 680 2424; x_wconf 84' lang='lat' dir='ltr'><strong>lesu.</strong></span> <span class='ocrx_word' id='word_1_139' title='bbox 708 2362 819 2424; x_wconf 79' lang='lat' dir='ltr'><strong>Annos</strong></span> <span class='ocrx_word' id='word_1_140' title='bbox 844 2368 937 2423; x_wconf 92' lang='lat' dir='ltr'><strong>natus</strong></span> <span class='ocrx_word' id='word_1_141' title='bbox 960 2358 1102 2423; x_wconf 87' lang='lat' dir='ltr'><strong>sedecim</strong></span> <span class='ocrx_word' id='word_1_142' title='bbox 1126 2365 1221 2430; x_wconf 83' lang='lat' dir='ltr'><strong>(atrito</strong></span> <span class='ocrx_word' id='word_1_143' title='bbox 1245 2373 1365 2438; x_wconf 85' lang='lat' dir='ltr'><strong>nempe·</strong></span> 
     </span>
     <span class='ocr_line' id='line_1_20' title="bbox 272 2457 1361 2538; baseline -0.005 -14"><span class='ocrx_word' id='word_1_144' title='bbox 272 2461 361 2538; x_wconf 76' lang='grc'>1563)</span> <span class='ocrx_word' id='word_1_145' title='bbox 375 2460 548 2524; x_wconf 82' lang='lat' dir='ltr'><strong>Lovnuium</strong></span> <span class='ocrx_word' id='word_1_146' title='bbox 565 2459 662 2532; x_wconf 90' lang='lat' dir='ltr'><strong>venit,</strong></span> <span class='ocrx_word' id='word_1_147' title='bbox 680 2469 711 2522; x_wconf 92' lang='lat' dir='ltr'><strong>et</strong></span> <span class='ocrx_word' id='word_1_148' title='bbox 726 2459 894 2522; x_wconf 86' lang='lat' dir='ltr'><strong>literarum</strong></span> <span class='ocrx_word' id='word_1_149' title='bbox 907 2467 1002 2538; x_wconf 90' lang='lat' dir='ltr'><strong>atque</strong></span> <span class='ocrx_word' id='word_1_150' title='bbox 1024 2458 1224 2538; x_wconf 87' lang='lat' dir='ltr'><strong>antiquitatis</strong></span> <span class='ocrx_word' id='word_1_151' title='bbox 1241 2457 1361 2522; x_wconf 85' lang='lat' dir='ltr'><strong>studiis</strong></span> 
     </span>
     <span class='ocr_line' id='line_1_21' title="bbox 271 2556 1362 2642; baseline -0.005 -18"><span class='ocrx_word' id='word_1_152' title='bbox 271 2559 414 2642; x_wconf 87' lang='lat' dir='ltr'><strong>adjicere</strong></span> <span class='ocrx_word' id='word_1_153' title='bbox 443 2559 584 2623; x_wconf 89' lang='lat' dir='ltr'><strong>animum</strong></span> <span class='ocrx_word' id='word_1_154' title='bbox 614 2558 730 2636; x_wconf 87' lang='lat' dir='ltr'><strong>coepit,</strong></span> <span class='ocrx_word' id='word_1_155' title='bbox 763 2556 914 2622; x_wconf 88' lang='lat' dir='ltr'><strong>Cornelio</strong></span> <span class='ocrx_word' id='word_1_156' title='bbox 945 2557 1071 2620; x_wconf 87' lang='lat' dir='ltr'><strong>Valerio</strong></span> <span class='ocrx_word' id='word_1_157' title='bbox 1101 2557 1237 2619; x_wconf 88' lang='lat' dir='ltr'><strong>ductore</strong></span> <span class='ocrx_word' id='word_1_158' title='bbox 1266 2565 1362 2636; x_wconf 89' lang='lat' dir='ltr'><strong>atquc</strong></span> 
     </span>
     <span class='ocr_line' id='line_1_22' title="bbox 273 2653 1362 2738; baseline -0.007 -14"><span class='ocrx_word' id='word_1_159' title='bbox 273 2661 419 2724; x_wconf 90' lang='lat' dir='ltr'><strong>doctore.</strong></span> <span class='ocrx_word' id='word_1_160' title='bbox 438 2657 571 2738; x_wconf 85' lang='lat' dir='ltr'><strong>Ingenia</strong></span> <span class='ocrx_word' id='word_1_161' title='bbox 593 2656 709 2721; x_wconf 90' lang='lat' dir='ltr'><strong>deinde</strong></span> <span class='ocrx_word' id='word_1_162' title='bbox 731 2657 921 2730; x_wconf 84' lang='lat' dir='ltr'><strong>excolendo,</strong></span> <span class='ocrx_word' id='word_1_163' title='bbox 940 2653 1033 2720; x_wconf 88' lang='lat' dir='ltr'><strong>lactis</strong></span> <span class='ocrx_word' id='word_1_164' title='bbox 1050 2654 1181 2719; x_wconf 84' lang='lat' dir='ltr'><strong>Louanii</strong></span> <span class='ocrx_word' id='word_1_165' title='bbox 1200 2653 1362 2734; x_wconf 85' lang='lat' dir='ltr'><strong>jurispru-</strong></span> 
     </span>
     <span class='ocr_line' id='line_1_23' title="bbox 275 2752 1362 2836; baseline -0.007 -14"><span class='ocrx_word' id='word_1_166' title='bbox 275 2759 402 2824; x_wconf 89' lang='lat' dir='ltr'><strong>dentiae</strong></span> <span class='ocrx_word' id='word_1_167' title='bbox 424 2758 524 2821; x_wconf 89' lang='lat' dir='ltr'><strong>initiis</strong></span> <span class='ocrx_word' id='word_1_168' title='bbox 547 2756 708 2836; x_wconf 88' lang='lat' dir='ltr'><strong>editisque</strong></span> <span class='ocrx_word' id='word_1_169' title='bbox 736 2757 897 2820; x_wconf 86' lang='lat' dir='ltr'><strong>Variaram</strong></span> <span class='ocrx_word' id='word_1_170' title='bbox 918 2755 1080 2819; x_wconf 85' lang='lat' dir='ltr'><strong>lectionum</strong></span> <span class='ocrx_word' id='word_1_171' title='bbox 1103 2753 1205 2825; x_wconf 92' lang='lat' dir='ltr'><strong>libris,</strong></span> <span class='ocrx_word' id='word_1_172' title='bbox 1230 2752 1362 2816; x_wconf 89' lang='lat' dir='ltr'><strong>Germa-</strong></span> 
     </span>
     <span class='ocr_line' id='line_1_24' title="bbox 275 2851 1362 2936; baseline -0.007 -15"><span class='ocrx_word' id='word_1_173' title='bbox 275 2859 373 2932; x_wconf 89' lang='lat' dir='ltr'><strong>niam,</strong></span> <span class='ocrx_word' id='word_1_174' title='bbox 400 2857 545 2933; x_wconf 88' lang='lat' dir='ltr'><strong>Galliam,</strong></span> <span class='ocrx_word' id='word_1_175' title='bbox 571 2855 694 2920; x_wconf 89' lang='lat' dir='ltr'><strong>ltaliam</strong></span> <span class='ocrx_word' id='word_1_176' title='bbox 718 2855 793 2920; x_wconf 91' lang='lat' dir='ltr'><strong>bina</strong></span> <span class='ocrx_word' id='word_1_177' title='bbox 825 2854 1066 2936; x_wconf 82' lang='lat' dir='ltr'><strong>pereginationc</strong></span> <span class='ocrx_word' id='word_1_178' title='bbox 1091 2851 1249 2926; x_wconf 89' lang='lat' dir='ltr'><strong>lustravit,</strong></span> <span class='ocrx_word' id='word_1_179' title='bbox 1273 2860 1304 2915; x_wconf 92' lang='lat' dir='ltr'><strong>et</strong></span> <span class='ocrx_word' id='word_1_180' title='bbox 1329 2851 1362 2913; x_wconf 91' lang='lat' dir='ltr'><strong>in</strong></span> 
     </span>
     <span class='ocr_line' id='line_1_25' title="bbox 272 2949 1363 3036; baseline -0.006 -16"><span class='ocrx_word' id='word_1_181' title='bbox 272 2957 538 3022; x_wconf 88' lang='lat' dir='ltr'><strong>doctissimorum</strong></span> <span class='ocrx_word' id='word_1_182' title='bbox 554 2971 591 3020; x_wconf 89' lang='lat' dir='ltr'><strong>ac</strong></span> <span class='ocrx_word' id='word_1_183' title='bbox 607 2955 790 3036; x_wconf 88' lang='lat' dir='ltr'><strong>principum</strong></span> <span class='ocrx_word' id='word_1_184' title='bbox 813 2953 934 3036; x_wconf 82' lang='lat' dir='ltr'><strong>passim</strong></span> <span class='ocrx_word' id='word_1_185' title='bbox 950 2953 1092 3018; x_wconf 89' lang='lat' dir='ltr'><strong>virorum</strong></span> <span class='ocrx_word' id='word_1_186' title='bbox 1117 2949 1363 3014; x_wconf 82' lang='lat' dir='ltr'><strong>familiaritatem</strong></span> 
     </span>
     <span class='ocr_line' id='line_1_26' title="bbox 272 3047 1365 3134; baseline -0.011 -11"><span class='ocrx_word' id='word_1_187' title='bbox 272 3049 349 3123; x_wconf 82' lang='lat' dir='ltr'><strong>sese</strong></span> <span class='ocrx_word' id='word_1_188' title='bbox 372 3055 556 3120; x_wconf 89' lang='lat' dir='ltr'><strong>insinuarit.</strong></span> <span class='ocrx_word' id='word_1_189' title='bbox 576 3053 794 3119; x_wconf 86' lang='lat' dir='ltr'><strong>Prol&#39;essianis</strong></span> <span class='ocrx_word' id='word_1_190' title='bbox 819 3051 964 3134; x_wconf 86' lang='lat' dir='ltr'><strong>publicae</strong></span> <span class='ocrx_word' id='word_1_191' title='bbox 987 3069 1065 3117; x_wconf 91' lang='lat' dir='ltr'><strong>suae</strong></span> <span class='ocrx_word' id='word_1_192' title='bbox 1089 3051 1252 3131; x_wconf 81' lang='lat' dir='ltr'><strong>specimen</strong></span> <span class='ocrx_word' id='word_1_193' title='bbox 1277 3047 1365 3114; x_wconf 91' lang='lat' dir='ltr'><strong>dedit</strong></span> 
     </span>
     <span class='ocr_line' id='line_1_27' title="bbox 275 3147 1362 3235; baseline -0.007 -17"><span class='ocrx_word' id='word_1_194' title='bbox 275 3155 370 3220; x_wconf 81' lang='lat' dir='ltr'><strong>letrae</strong></span> <span class='ocrx_word' id='word_1_195' title='bbox 382 3153 465 3235; x_wconf 92' lang='lat' dir='ltr'><strong>apud</strong></span> <span class='ocrx_word' id='word_1_196' title='bbox 479 3155 635 3228; x_wconf 83' lang='lat' dir='ltr'><strong>Saxones,</strong></span> <span class='ocrx_word' id='word_1_197' title='bbox 650 3153 726 3217; x_wconf 91' lang='lat' dir='ltr'><strong>dum</strong></span> <span class='ocrx_word' id='word_1_198' title='bbox 743 3153 774 3216; x_wconf 92' lang='lat' dir='ltr'><strong>in</strong></span> <span class='ocrx_word' id='word_1_199' title='bbox 788 3153 922 3234; x_wconf 89' lang='lat' dir='ltr'><strong>patriam</strong></span> <span class='ocrx_word' id='word_1_200' title='bbox 935 3151 1055 3232; x_wconf 80' lang='lat' dir='ltr'><strong>cogitat</strong></span> <span class='ocrx_word' id='word_1_201' title='bbox 1071 3150 1189 3214; x_wconf 87' lang='lat' dir='ltr'><strong>misere</strong></span> <span class='ocrx_word' id='word_1_202' title='bbox 1202 3147 1362 3212; x_wconf 90' lang='lat' dir='ltr'><strong>alilictam.</strong></span> 
     </span>
     <span class='ocr_line' id='line_1_28' title="bbox 271 3249 1365 3333; baseline -0.004 -15"><span class='ocrx_word' id='word_1_203' title='bbox 271 3255 320 3319; x_wconf 83' lang='lat' dir='ltr'><strong>Ad</strong></span> <span class='ocrx_word' id='word_1_204' title='bbox 338 3271 416 3320; x_wconf 88' lang='lat' dir='ltr'><strong>suos</strong></span> <span class='ocrx_word' id='word_1_205' title='bbox 433 3271 596 3330; x_wconf 89' lang='lat' dir='ltr'><strong>reversus,</strong></span> <span class='ocrx_word' id='word_1_206' title='bbox 613 3253 645 3315; x_wconf 92' lang='lat' dir='ltr'><strong>in</strong></span> <span class='ocrx_word' id='word_1_207' title='bbox 665 3253 779 3317; x_wconf 91' lang='lat' dir='ltr'><strong>lscano</strong></span> <span class='ocrx_word' id='word_1_208' title='bbox 798 3251 935 3333; x_wconf 88' lang='lat' dir='ltr'><strong>primurn</strong></span> <span class='ocrx_word' id='word_1_209' title='bbox 953 3268 1025 3328; x_wconf 87' lang='lat' dir='ltr'><strong>suo,</strong></span> <span class='ocrx_word' id='word_1_210' title='bbox 1043 3251 1117 3316; x_wconf 89' lang='lat' dir='ltr'><strong>dein</strong></span> <span class='ocrx_word' id='word_1_211' title='bbox 1142 3249 1272 3314; x_wconf 84' lang='lat' dir='ltr'><strong>Laranii</strong></span> <span class='ocrx_word' id='word_1_212' title='bbox 1290 3264 1365 3329; x_wconf 87' lang='lat' dir='ltr'><strong>pau·</strong></span> 
     </span>
     <span class='ocr_line' id='line_1_29' title="bbox 275 3347 1363 3435; baseline -0.003 -19"><span class='ocrx_word' id='word_1_213' title='bbox 275 3355 374 3435; x_wconf 88' lang='lat' dir='ltr'><strong>lisper</strong></span> <span class='ocrx_word' id='word_1_214' title='bbox 406 3353 560 3428; x_wconf 88' lang='lat' dir='ltr'><strong>substitit,</strong></span> <span class='ocrx_word' id='word_1_215' title='bbox 591 3362 623 3417; x_wconf 88' lang='lat' dir='ltr'><strong>et</strong></span> <span class='ocrx_word' id='word_1_216' title='bbox 649 3351 732 3432; x_wconf 86' lang='lat' dir='ltr'><strong>juris</strong></span> <span class='ocrx_word' id='word_1_217' title='bbox 767 3351 921 3416; x_wconf 87' lang='lat' dir='ltr'><strong>licentiati</strong></span> <span class='ocrx_word' id='word_1_218' title='bbox 951 3351 1069 3414; x_wconf 89' lang='lat' dir='ltr'><strong>ibidem</strong></span> <span class='ocrx_word' id='word_1_219' title='bbox 1101 3359 1229 3430; x_wconf 81' lang='lat' dir='ltr'><strong>sarapta</strong></span> <span class='ocrx_word' id='word_1_220' title='bbox 1257 3347 1363 3422; x_wconf 88' lang='lat' dir='ltr'><strong>titulo.</strong></span> 
     </span>
     <span class='ocr_line' id='line_1_30' title="bbox 276 3445 1366 3534; baseline -0.006 -19"><span class='ocrx_word' id='word_1_221' title='bbox 276 3455 363 3534; x_wconf 82' lang='lat' dir='ltr'><strong>leges</strong></span> <span class='ocrx_word' id='word_1_222' title='bbox 386 3452 617 3517; x_wconf 84' lang='lat' dir='ltr'><strong>decemvirales</strong></span> <span class='ocrx_word' id='word_1_223' title='bbox 634 3451 761 3532; x_wconf 91' lang='lat' dir='ltr'><strong>publice</strong></span> <span class='ocrx_word' id='word_1_224' title='bbox 776 3459 825 3514; x_wconf 88' lang='lat' dir='ltr'><strong>est</strong></span> <span class='ocrx_word' id='word_1_225' title='bbox 849 3450 1088 3532; x_wconf 72' lang='lat' dir='ltr'><strong>interpretatus</strong></span> <span class='ocrx_word' id='word_1_226' title='bbox 1107 3449 1210 3512; x_wconf 91' lang='lat' dir='ltr'><strong>donec</strong></span> <span class='ocrx_word' id='word_1_227' title='bbox 1237 3447 1269 3509; x_wconf 92' lang='lat' dir='ltr'><strong>in</strong></span> <span class='ocrx_word' id='word_1_228' title='bbox 1292 3445 1366 3511; x_wconf 89' lang='lat' dir='ltr'><strong>istis</strong></span> 
     </span>
     <span class='ocr_line' id='line_1_31' title="bbox 277 3545 1408 3630; baseline -0.004 -14"><span class='ocrx_word' id='word_1_229' title='bbox 277 3568 383 3616; x_wconf 90' lang='lat' dir='ltr'><strong>rerurn</strong></span> <span class='ocrx_word' id='word_1_230' title='bbox 406 3551 509 3615; x_wconf 90' lang='lat' dir='ltr'><strong>turbis</strong></span> <span class='ocrx_word' id='word_1_231' title='bbox 532 3560 563 3614; x_wconf 89' lang='lat' dir='ltr'><strong>et</strong></span> <span class='ocrx_word' id='word_1_232' title='bbox 588 3549 740 3630; x_wconf 91' lang='lat' dir='ltr'><strong>procellis</strong></span> <span class='ocrx_word' id='word_1_233' title='bbox 763 3548 964 3630; x_wconf 83' lang='lat' dir='ltr'><strong>Lugdunum</strong></span> <span class='ocrx_word' id='word_1_234' title='bbox 980 3549 1180 3620; x_wconf 83' lang='lat' dir='ltr'><strong>Batavorum,</strong></span> <span class='ocrx_word' id='word_1_235' title='bbox 1198 3545 1369 3628; x_wconf 77' lang='lat' dir='ltr'><strong>qnietis-ct</strong></span> <span class='ocrx_word' id='word_1_236' title='bbox 1399 3611 1408 3626; x_wconf 80' lang='grc'>,</span> 
     </span>
     <span class='ocr_line' id='line_1_32' title="bbox 276 3643 1369 3730; baseline -0.005 -17"><span class='ocrx_word' id='word_1_237' title='bbox 276 3650 456 3714; x_wconf 88' lang='lat' dir='ltr'><strong>studiorum</strong></span> <span class='ocrx_word' id='word_1_238' title='bbox 478 3649 579 3730; x_wconf 81' lang='lat' dir='ltr'><strong>gratia</strong></span> <span class='ocrx_word' id='word_1_239' title='bbox 602 3647 757 3712; x_wconf 86' lang='lat' dir='ltr'><strong>secedere</strong></span> <span class='ocrx_word' id='word_1_240' title='bbox 780 3658 924 3730; x_wconf 79' lang='lat' dir='ltr'><strong>coactus,</strong></span> <span class='ocrx_word' id='word_1_241' title='bbox 943 3647 1061 3711; x_wconf 90' lang='lat' dir='ltr'><strong>ibidem</strong></span> <span class='ocrx_word' id='word_1_242' title='bbox 1087 3646 1189 3710; x_wconf 82' lang='lat' dir='ltr'><strong>baesit</strong></span> <span class='ocrx_word' id='word_1_243' title='bbox 1204 3661 1242 3708; x_wconf 88' lang='lat' dir='ltr'><strong>ac</strong></span> <span class='ocrx_word' id='word_1_244' title='bbox 1257 3643 1369 3708; x_wconf 88' lang='lat' dir='ltr'><strong>docuit</strong></span> 
     </span>
     <span class='ocr_line' id='line_1_33' title="bbox 272 3732 1366 3841; baseline -0.005 -29"><span class='ocrx_word' id='word_1_245' title='bbox 272 3765 378 3812; x_wconf 91' lang='lat' dir='ltr'><strong>annas</strong></span> <span class='ocrx_word' id='word_1_246' title='bbox 409 3747 574 3813; x_wconf 87' lang='lat' dir='ltr'><strong>tredecim.</strong></span> <span class='ocrx_word' id='word_1_247' title='bbox 606 3746 746 3811; x_wconf 85' lang='lat' dir='ltr'><strong>Tandem</strong></span> <span class='ocrx_word' id='word_1_248' title='bbox 777 3732 903 3810; x_wconf 76' lang='lat' dir='ltr'><strong>llataris</strong></span> <span class='ocrx_word' id='word_1_249' title='bbox 940 3762 977 3810; x_wconf 88' lang='lat' dir='ltr'><strong>sc</strong></span> <span class='ocrx_word' id='word_1_250' title='bbox 996 3745 1181 3841; x_wconf 70' lang='lat' dir='ltr'><strong>prudenter</strong></span> <span class='ocrx_word' id='word_1_251' title='bbox 1209 3753 1366 3823; x_wconf 81' lang='lat' dir='ltr'><strong>cauteque</strong></span> 
     </span>
     <span class='ocr_line' id='line_1_34' title="bbox 276 3842 1364 3933; baseline -0.005 -22"><span class='ocrx_word' id='word_1_252' title='bbox 276 3847 439 3921; x_wconf 87' lang='lat' dir='ltr'><strong>subduxit,</strong></span> <span class='ocrx_word' id='word_1_253' title='bbox 481 3857 512 3911; x_wconf 88' lang='lat' dir='ltr'><strong>ct</strong></span> <span class='ocrx_word' id='word_1_254' title='bbox 558 3845 752 3926; x_wconf 81' lang='lat' dir='ltr'><strong>lloguntiam</strong></span> <span class='ocrx_word' id='word_1_255' title='bbox 795 3843 910 3924; x_wconf 90' lang='lat' dir='ltr'><strong>priiuo,</strong></span> <span class='ocrx_word' id='word_1_256' title='bbox 954 3861 1028 3933; x_wconf 70' lang='lat' dir='ltr'><strong>mou</strong></span> <span class='ocrx_word' id='word_1_257' title='bbox 1072 3845 1225 3909; x_wconf 80' lang='lat' dir='ltr'><strong>leodium</strong></span> <span class='ocrx_word' id='word_1_258' title='bbox 1266 3842 1364 3920; x_wconf 83' lang='lat' dir='ltr'><strong>venit,</strong></span> 
     </span>
     <span class='ocr_line' id='line_1_35' title="bbox 274 3933 1367 4026; baseline -0.004 -18"><span class='ocrx_word' id='word_1_259' title='bbox 274 3946 382 4010; x_wconf 90' lang='lat' dir='ltr'><strong>acidos</strong></span> <span class='ocrx_word' id='word_1_260' title='bbox 407 3945 531 4026; x_wconf 88' lang='lat' dir='ltr'><strong>Spadae</strong></span> <span class='ocrx_word' id='word_1_261' title='bbox 554 3947 659 4009; x_wconf 86' lang='lat' dir='ltr'><strong>tbrrtes</strong></span> <span class='ocrx_word' id='word_1_262' title='bbox 676 3943 961 4024; x_wconf 82' lang='lat' dir='ltr'><strong>morbocurando</strong></span> <span class='ocrx_word' id='word_1_263' title='bbox 985 3933 1154 4007; x_wconf 84' lang='lat' dir='ltr'><strong>bibiturus.</strong></span> <span class='ocrx_word' id='word_1_264' title='bbox 1175 3943 1251 4006; x_wconf 90' lang='lat' dir='ltr'><strong>lade</strong></span> <span class='ocrx_word' id='word_1_265' title='bbox 1268 3941 1367 4006; x_wconf 81' lang='lat' dir='ltr'><strong>Loua-</strong></span> 
     </span>
     <span class='ocr_line' id='line_1_36' title="bbox 276 4029 1368 4122; baseline -0.001 -15"><span class='ocrx_word' id='word_1_266' title='bbox 276 4045 362 4109; x_wconf 92' lang='lat' dir='ltr'><strong>nium</strong></span> <span class='ocrx_word' id='word_1_267' title='bbox 389 4061 406 4108; x_wconf 88' lang='lat' dir='ltr'><strong>a</strong></span> <span class='ocrx_word' id='word_1_268' title='bbox 430 4045 618 4108; x_wconf 78' lang='lat' dir='ltr'><strong>brabantiae</strong></span> <span class='ocrx_word' id='word_1_269' title='bbox 642 4029 817 4107; x_wconf 82' lang='lat' dir='ltr'><strong>Ordinibus</strong></span> <span class='ocrx_word' id='word_1_270' title='bbox 845 4041 982 4122; x_wconf 80' lang='lat' dir='ltr'><strong>benigne</strong></span> <span class='ocrx_word' id='word_1_271' title='bbox 1008 4052 1174 4117; x_wconf 81' lang='lat' dir='ltr'><strong>evocatae,</strong></span> <span class='ocrx_word' id='word_1_272' title='bbox 1199 4040 1368 4107; x_wconf 85' lang='lat' dir='ltr'><strong>historiam</strong></span> 
     </span>
     <span class='ocr_line' id='line_1_37' title="bbox 275 4141 1364 4238; baseline -0.003 -32"><span class='ocrx_word' id='word_1_273' title='bbox 275 4153 417 4209; x_wconf 87' lang='lat' dir='ltr'><strong>veterem</strong></span> <span class='ocrx_word' id='word_1_274' title='bbox 438 4144 470 4205; x_wconf 93' lang='lat' dir='ltr'><strong>in</strong></span> <span class='ocrx_word' id='word_1_275' title='bbox 494 4144 650 4208; x_wconf 84' lang='lat' dir='ltr'><strong>athenaeo</strong></span> <span class='ocrx_word' id='word_1_276' title='bbox 675 4141 803 4236; x_wconf 80' lang='lat' dir='ltr'><strong>publico</strong></span> <span class='ocrx_word' id='word_1_277' title='bbox 831 4157 946 4220; x_wconf 80' lang='lat' dir='ltr'><strong>magno</strong></span> <span class='ocrx_word' id='word_1_278' title='bbox 977 4141 1174 4238; x_wconf 86' lang='lat' dir='ltr'><strong>audientium</strong></span> <span class='ocrx_word' id='word_1_279' title='bbox 1202 4156 1364 4205; x_wconf 91' lang='lat' dir='ltr'><strong>concursu</strong></span> 
     </span>
    </p>
   </div>
   <div class='ocr_carea' id='block_1_5' title="bbox 361 4253 1352 4368">
    <p class='ocr_par' dir='ltr' id='par_1_5' title="bbox 361 4253 1352 4368">
     <span class='ocr_line' id='line_1_38' title="bbox 361 4253 1352 4368; baseline -0.002 -48"><span class='ocrx_word' id='word_1_280' title='bbox 361 4277 401 4320; x_wconf 83' lang='lat' dir='ltr'><strong>rr.</strong></span> <span class='ocrx_word' id='word_1_281' title='bbox 720 4285 737 4323; x_wconf 58' lang='grc' dir='ltr'>μ</span> <span class='ocrx_word' id='word_1_282' title='bbox 1245 4253 1285 4318; x_wconf 83' lang='grc'><strong>33</strong></span> <span class='ocrx_word' id='word_1_283' title='bbox 1321 4266 1352 4368; x_wconf 43' lang='grc' dir='ltr'><strong>’ἕ</strong></span> 
     </span>
    </p>
   </div>
   <div class='ocr_carea' id='block_1_6' title="bbox 0 0 1644 4954">
    <p class='ocr_par' dir='ltr' id='par_1_6' title="bbox 0 0 1644 4954">
     <span class='ocr_line' id='line_1_39' title="bbox 0 0 1644 4954; baseline 0 0"><span class='ocrx_word' id='word_1_284' title='bbox 0 0 1644 4954; x_wconf 95' lang='lat' dir='ltr'><strong> </strong></span> 
     </span>
    </p>
   </div>
  </div>
 </body>
</html>
