3236 4952
308 731 368 801 48.
392 771 437 782 -—
456 729 621 800 Contione
647 751 692 798 66
719 750 762 798 nn
790 750 1046 800 unumunurn
1073 726 1103 798 ’r
1131 727 1293 798 Snsrtcrr.

300 926 386 990 lloiri
404 942 441 990 ce
457 941 519 1004 oue
535 939 617 987 nous
637 924 778 1004 apprend
796 923 909 988 Valere
924 923 1044 997 Andre,
1063 923 1148 987 Furti
1164 924 1342 997 academici,

259 1026 321 1103 led.
338 1023 487 1098 661666,
505 1040 536 1103 p.
554 1022 636 1100 ott),
655 1037 694 1087 au
711 1022 795 1104 sciet
810 1024 851 1087 66
866 1031 951 1088 66116
967 1022 1130 1087 16666666
1150 1045 1158 1085 :

304 1145 317 1182 6
336 1123 462 1201 Nupera
486 1120 629 1186 fundatio
652 1121 772 1185 domini
794 1122 927 1186 loannis
948 1139 1009 1184 van
1026 1122 1047 1184 't
1062 1120 1198 1194 Sesticlr,
1216 1120 1347 1185 6166611-

260 1222 397 1296 niensis,
412 1220 495 1301 iuris
519 1219 686 1301 utriusque
711 1221 855 1286 doctoris
877 1229 909 1285 et
924 1221 1126 1284 decretorum
1151 1220 1349 1299 professoris

255 1321 353 1402 regii,
372 1319 587 1383 desiderantis
602 1335 619 1382 a
635 1327 738 1384 morte
753 1336 811 1383 sua
827 1319 905 1400 erigi
922 1319 1080 1399 cnllcpium
1098 1319 1348 1398 [6611166866-

260 1420 357 1490 61166.
376 1417 416 1481 ob
434 1417 618 1482 tenuitatem
635 1426 667 1481 et
682 1418 922 1482 controversias
939 1418 968 1482 ei
989 1426 1092 1482 motas
1109 1419 1237 1497 plenum
1253 1435 1347 1482 sinum

262 1517 372 1583 sortiri
390 1533 454 1581 non
478 1517 581 1597 potuit
596 1516 757 1582 ellectum.
776 1517 965 1582 Provisnres
981 1517 1067 1580 illius
1090 1517 1257 1581 constitnit
1278 1516 1348 1597 ipse

262 1617 424 1689 fundator,
453 1632 550 1680 unum
577 1633 615 1680 cx
645 1624 733 1695 parte
761 1625 963 1695 posterorum
992 1615 1100 1679 iratris
1126 1616 1177 1679 sni
1203 1615 1346 1688 Antonii,

255 1717 321 1779 rviri
345 1715 526 1780 consularis
550 1714 632 1794 apud
650 1715 910 1782 Macblinienses.
929 1715 955 1778 si
973 1715 1045 1778 talis
1062 1715 1192 1779 lovanii
1208 1715 1343 1786 ltnbitet;

261 1833 320 1880 sen
338 1832 446 1886 secus,
461 1814 555 1878 alium
573 1813 718 1893 quemvis
735 1814 863 1878 lovanii
880 1814 1094 1887 habitantem,
1113 1814 1258 1878 secundo
1274 1814 1346 1878 loco

263 1914 451 1977 advocatum
483 1911 625 1977 liscalem
657 1912 880 1977 Universitntis
910 1913 1137 1986 ananicnsis;
1163 1921 1194 1977 et
1221 1913 1347 1978 tertium

264 2029 304 2077 cx
320 2027 457 2092 corpore
469 2010 635 2090 capitulari
653 2011 898 2090 designandum.
917 2013 980 2075 Cur
994 2029 1072 2077 vcro
1088 2013 1136 2076 sic
1151 2012 1349 2092 disponeret,

259 2109 425 2188 expressit
437 2109 506 2188 ipse
519 2109 569 2171 bis
584 2107 691 2172 verbis
710 2129 717 2174 :
738 2131 751 2168 1
767 2109 1042 2190 Quandoquidem,
1056 2111 1171 2192 inquit,
1186 2111 1216 2173 in
1235 2109 1350 2174 familia

269 2231 283 2267 6
301 2217 409 2272 nostra
435 2224 564 2286 semper
590 2209 743 2288 praeclari
769 2209 826 2270 viri
850 2218 942 2290 togae
966 2210 1088 2273 artibus
1110 2227 1148 2274 ac
1174 2208 1352 2288 splendidis

269 2330 283 2365 6
302 2307 497 2387 reipublicae
507 2308 692 2372 muneribus
705 2309 885 2384 eluxerunt,
896 2310 1026 2374 declaro
1036 2310 1117 2373 idem
1129 2309 1203 2372 milti
1218 2309 1353 2373 summis

265 2429 284 2465 u
301 2423 375 2471 esse
398 2408 429 2468 in
453 2406 549 2481 rotis,
564 2417 596 2470 ut
619 2408 650 2470 in
675 2407 814 2488 postoris
838 2408 898 2472 llos
918 2409 971 2472 ille
995 2424 1058 2473 666
1083 2417 1272 2482 marcescat,
1290 2425 1349 2473 nec

268 2529 285 2563 6
302 2507 340 2569 ad
365 2505 495 2569 sordida
518 2507 567 2570 vel
584 2506 728 2586 improba
752 2507 858 2571 munia
882 2507 1088 2587 depenerent.
1114 2507 1270 2580 Quocirca
1293 2522 1350 2570 oos

271 2627 284 2662 u
303 2604 392 2668 solos
416 2621 455 2669 ex
477 2605 651 2670 heredibus
674 2623 810 2687 capaces
835 2607 965 2671 declaro
982 2605 1075 2687 nujus
1098 2623 1187 2670 meae
1210 2605 1351 2686 disposi-

271 2703 411 2772 ntionis,
429 2703 482 2784 qui
507 2721 542 2768 66
565 2704 679 2768 studiis
702 2705 883 2769 liberalium
904 2705 1032 2782 artium,
1050 2705 1240 2787 theologiae,
1256 2704 1355 2786 juris-

265 2823 286 2860 6
304 2802 492 2881 prudentiae
513 2803 562 2867 vel
589 2804 683 2867 etiam
707 2805 896 2880 medicinae,
926 2821 990 2885 quo
1013 2805 1127 2885 genius
1154 2805 1353 2885 singulorum

269 2921 287 2958 6
304 2901 481 2973 inclinabit,
498 2902 575 2966 dare
596 2904 716 2968 volent.
735 2926 752 2963 6
775 2903 858 2967 Obiit
881 2921 965 2969 anno
989 2904 1114 2968 Domini
1135 2903 1358 2984 insequaris

269 2998 344 3062 idus
381 3001 582 3077 novembris;
619 3003 727 3067 illatus
757 3003 788 3065 in
819 3003 976 3068 tumulum
1013 3003 1117 3083 patrui
1147 3004 1197 3068 sui
1229 3001 1358 3066 Davidis

263 3096 411 3178 sexagtt,
426 3100 466 3162 ad
483 3100 590 3165 divum
608 3101 734 3166 Petrum
752 3102 911 3167 canonici.

316 3219 329 3255 u
347 3197 581 3264 Testamentum
602 3199 738 3281 Sexagii,
755 3201 844 3265 addit
867 3203 1010 3276 666661
1032 3202 1072 3266 de
1093 3201 1146 3266 die
1170 3201 1356 3266 1666666-

271 3297 339 3361 bris
366 3297 458 3371 1633,
486 3299 561 3364 dum
591 3309 659 3364 erat
685 3300 724 3362 66
750 3317 919 3366 annorum.
950 3301 1138 3367 Transactio
1161 3301 1192 3366 in
1220 3301 1357 3367 concilio

264 3397 462 3462 brabantiae
477 3407 526 3463 cst
542 3399 583 3463 dc
598 3399 650 3463 die
667 3399 705 3462 19
722 3399 916 3481 septembris
934 3401 1024 3465 1648.
1046 3424 1058 3459 6

314 3560 403 3626 Nous
436 3573 648 3643 empruntons
681 3581 742 3628 aux
768 3567 857 3628 Fusii
888 3567 1055 3630 academici
1089 3555 1304 3646 manuscripti
1322 3564 1363 3629 de

274 3659 407 3824 Paqucts,
425 3662 459 3739 ll,
478 3680 509 3740 p.
526 3662 596 3738 6931
618 3663 666 3727 les
682 3662 796 3728 details
812 3663 957 3729 suivants
973 3682 1030 3729 sur
1054 3665 1083 3730 le
1100 3664 1267 3730 londateur
1282 3665 1361 3730 Jean

272 3773 333 3820 nan
350 3760 371 3822 't
410 3761 538 3824 esticb:

319 3878 332 3914 6
351 3856 490 3922 loannes
519 3875 580 3922 van
611 3859 631 3922 't
659 3859 796 3933 Sesticb,
830 3861 1082 3935 llccbliniensis,
1115 3862 1202 3927 lilius
1237 3863 1364 3926 Antonii

270 3954 513 4020 6661866666
532 3957 744 4039 seusexagii,
764 3959 982 4024 Bruxeliensis
1005 3961 1123 4037 (itidem
1145 3961 1227 4040 juris
1245 3959 1365 4024 utrius-

274 4067 337 4127 ouc
359 4053 503 4119 doctoris
519 4065 551 4120 at
574 4071 638 4120 non
662 4056 881 4130 bononiensis,
899 4057 966 4138 qui,
984 4059 1148 4124 Lovaniie
1169 4056 1366 4140 paedagogio
