<?xml version="1.0" encoding="UTF-8"?>
<!DOCTYPE html PUBLIC "-//W3C//DTD XHTML 1.0 Transitional//EN"
    "http://www.w3.org/TR/xhtml1/DTD/xhtml1-transitional.dtd">
<html xmlns="http://www.w3.org/1999/xhtml" xml:lang="en" lang="en">
 <head>
  <title>
</title>
<meta http-equiv="Content-Type" content="text/html;charset=utf-8" />
  <meta name='ocr-system' content='tesseract 3.04.00' />
  <meta name='ocr-capabilities' content='ocr_page ocr_carea ocr_par ocr_line ocrx_word'/>
</head>
<body>
  <div class='ocr_page' id='page_1' title='image "./documentsrelati01reusgoog/documentsrelati01reusgoog_0711.png"; bbox 0 0 3236 4952; ppageno 0'>
   <div class='ocr_carea' id='block_1_1' title="bbox 720 437 903 502">
    <p class='ocr_par' dir='ltr' id='par_1_1' title="bbox 720 437 903 502">
     <span class='ocr_line' id='line_1_1' title="bbox 720 437 903 502; baseline -0.022 1"><span class='ocrx_word' id='word_1_1' title='bbox 720 437 903 502; x_wconf 81' lang='lat' dir='ltr'>-tat-</span> 
     </span>
    </p>
   </div>
   <div class='ocr_carea' id='block_1_2' title="bbox 267 641 1348 725">
    <p class='ocr_par' dir='ltr' id='par_1_2' title="bbox 267 641 1348 725">
     <span class='ocr_line' id='line_1_2' title="bbox 267 641 1348 725; baseline -0.003 -13"><span class='ocrx_word' id='word_1_2' title='bbox 267 659 307 724; x_wconf 86' lang='grc' dir='ltr'>Ια)</span> <span class='ocrx_word' id='word_1_3' title='bbox 327 641 440 711; x_wconf 66' lang='lat' dir='ltr'>detrec</span> <span class='ocrx_word' id='word_1_4' title='bbox 452 659 492 709; x_wconf 81' lang='lat' dir='ltr'>du</span> <span class='ocrx_word' id='word_1_5' title='bbox 505 654 630 725; x_wconf 81' lang='lat' dir='ltr'>Rapport</span> <span class='ocrx_word' id='word_1_6' title='bbox 642 669 691 708; x_wconf 87' lang='lat' dir='ltr'>sur</span> <span class='ocrx_word' id='word_1_7' title='bbox 703 651 782 708; x_wconf 75' lang='lat' dir='ltr'>l’dtat</span> <span class='ocrx_word' id='word_1_8' title='bbox 795 653 843 708; x_wconf 87' lang='lat' dir='ltr'>das</span> <span class='ocrx_word' id='word_1_9' title='bbox 856 651 977 722; x_wconf 82' lang='lat' dir='ltr'>collegas</span> <span class='ocrx_word' id='word_1_10' title='bbox 991 651 1183 724; x_wconf 79' lang='lat' dir='ltr'>aeaddmiquas</span> <span class='ocrx_word' id='word_1_11' title='bbox 1197 669 1231 707; x_wconf 89' lang='lat' dir='ltr'>en</span> <span class='ocrx_word' id='word_1_12' title='bbox 1248 647 1348 710; x_wconf 79' lang='lat'>1589:&#39;&#39;</span> 
     </span>
    </p>
   </div>
   <div class='ocr_carea' id='block_1_3' title="bbox 260 827 1359 4267">
    <p class='ocr_par' dir='ltr' id='par_1_3' title="bbox 260 827 1359 2398">
     <span class='ocr_line' id='line_1_3' title="bbox 278 827 1349 911; baseline 0 -17"><span class='ocrx_word' id='word_1_13' title='bbox 278 829 468 911; x_wconf 78' lang='lat' dir='ltr'>dothptum</span> <span class='ocrx_word' id='word_1_14' title='bbox 495 828 729 894; x_wconf 84' lang='lat' dir='ltr'>Bicrbccuncm.</span> <span class='ocrx_word' id='word_1_15' title='bbox 758 863 801 874; x_wconf 90' lang='lat'><strong>—</strong></span> <span class='ocrx_word' id='word_1_16' title='bbox 825 827 871 891; x_wconf 84' lang='lat' dir='ltr'>Ex</span> <span class='ocrx_word' id='word_1_17' title='bbox 896 827 1159 907; x_wconf 79' lang='lat' dir='ltr'>incorporatione</span> <span class='ocrx_word' id='word_1_18' title='bbox 1186 827 1349 907; x_wconf 80' lang='lat' dir='ltr'>prioratus</span> 
     </span>
     <span class='ocr_line' id='line_1_4' title="bbox 260 925 1349 1008; baseline -0.003 -13"><span class='ocrx_word' id='word_1_19' title='bbox 260 931 380 997; x_wconf 87' lang='lat' dir='ltr'>locide</span> <span class='ocrx_word' id='word_1_20' title='bbox 392 928 579 1004; x_wconf 83' lang='lat' dir='ltr'>llierbeeclr,</span> <span class='ocrx_word' id='word_1_21' title='bbox 591 928 628 991; x_wconf 89' lang='lat' dir='ltr'>ad</span> <span class='ocrx_word' id='word_1_22' title='bbox 646 925 912 993; x_wconf 80' lang='lat' dir='ltr'>intercessionem</span> <span class='ocrx_word' id='word_1_23' title='bbox 926 926 1034 1007; x_wconf 91' lang='lat' dir='ltr'>regiae</span> <span class='ocrx_word' id='word_1_24' title='bbox 1048 927 1227 991; x_wconf 89' lang='lat' dir='ltr'>catholicae</span> <span class='ocrx_word' id='word_1_25' title='bbox 1239 926 1349 1008; x_wconf 86' lang='lat' dir='ltr'>llajes-</span> 
     </span>
     <span class='ocr_line' id='line_1_5' title="bbox 260 1024 1350 1108; baseline -0.003 -15"><span class='ocrx_word' id='word_1_26' title='bbox 260 1029 336 1094; x_wconf 80' lang='lat' dir='ltr'>tatis</span> <span class='ocrx_word' id='word_1_27' title='bbox 362 1043 420 1108; x_wconf 90' lang='lat' dir='ltr'>pro</span> <span class='ocrx_word' id='word_1_28' title='bbox 448 1027 532 1090; x_wconf 88' lang='lat' dir='ltr'>dicta</span> <span class='ocrx_word' id='word_1_29' title='bbox 555 1025 705 1089; x_wconf 81' lang='lat' dir='ltr'>facultate</span> <span class='ocrx_word' id='word_1_30' title='bbox 727 1025 909 1105; x_wconf 81' lang='lat' dir='ltr'>theologiae</span> <span class='ocrx_word' id='word_1_31' title='bbox 934 1024 1115 1106; x_wconf 90' lang='lat' dir='ltr'>impetrata,</span> <span class='ocrx_word' id='word_1_32' title='bbox 1143 1025 1245 1089; x_wconf 87' lang='lat' dir='ltr'>erexit</span> <span class='ocrx_word' id='word_1_33' title='bbox 1266 1025 1350 1091; x_wconf 90' lang='lat' dir='ltr'>dicta</span> 
     </span>
     <span class='ocr_line' id='line_1_6' title="bbox 260 1123 1350 1206; baseline -0.001 -15"><span class='ocrx_word' id='word_1_34' title='bbox 260 1127 397 1191; x_wconf 76' lang='lat' dir='ltr'>facultas</span> <span class='ocrx_word' id='word_1_35' title='bbox 423 1141 541 1190; x_wconf 89' lang='lat' dir='ltr'>novem</span> <span class='ocrx_word' id='word_1_36' title='bbox 572 1125 742 1206; x_wconf 80' lang='lat' dir='ltr'>collegium</span> <span class='ocrx_word' id='word_1_37' title='bbox 773 1140 832 1205; x_wconf 94' lang='lat' dir='ltr'>pro</span> <span class='ocrx_word' id='word_1_38' title='bbox 862 1123 984 1206; x_wconf 86' lang='lat' dir='ltr'>aliquot</span> <span class='ocrx_word' id='word_1_39' title='bbox 1009 1124 1164 1188; x_wconf 85' lang='lat' dir='ltr'>studiosis</span> <span class='ocrx_word' id='word_1_40' title='bbox 1194 1124 1227 1187; x_wconf 93' lang='lat' dir='ltr'>in</span> <span class='ocrx_word' id='word_1_41' title='bbox 1258 1141 1350 1190; x_wconf 90' lang='lat' dir='ltr'>sacra</span> 
     </span>
     <span class='ocr_line' id='line_1_7' title="bbox 260 1223 1349 1305; baseline -0.004 -15"><span class='ocrx_word' id='word_1_42' title='bbox 260 1224 433 1305; x_wconf 85' lang='lat' dir='ltr'>theologia,</span> <span class='ocrx_word' id='word_1_43' title='bbox 452 1224 485 1287; x_wconf 94' lang='lat' dir='ltr'>in</span> <span class='ocrx_word' id='word_1_44' title='bbox 508 1225 605 1288; x_wconf 93' lang='lat' dir='ltr'>domo</span> <span class='ocrx_word' id='word_1_45' title='bbox 628 1223 801 1287; x_wconf 91' lang='lat' dir='ltr'>addictum</span> <span class='ocrx_word' id='word_1_46' title='bbox 826 1223 1004 1303; x_wconf 92' lang='lat' dir='ltr'>prioratum</span> <span class='ocrx_word' id='word_1_47' title='bbox 1020 1223 1211 1304; x_wconf 87' lang='lat' dir='ltr'>pertinente,</span> <span class='ocrx_word' id='word_1_48' title='bbox 1232 1223 1292 1286; x_wconf 91' lang='lat' dir='ltr'>sita</span> <span class='ocrx_word' id='word_1_49' title='bbox 1316 1224 1349 1286; x_wconf 95' lang='lat' dir='ltr'>in</span> 
     </span>
     <span class='ocr_line' id='line_1_8' title="bbox 260 1321 1286 1406; baseline -0.002 -18"><span class='ocrx_word' id='word_1_50' title='bbox 260 1340 337 1388; x_wconf 85' lang='lat' dir='ltr'>nucu</span> <span class='ocrx_word' id='word_1_51' title='bbox 349 1325 453 1406; x_wconf 82' lang='lat' dir='ltr'>platee</span> <span class='ocrx_word' id='word_1_52' title='bbox 467 1324 551 1404; x_wconf 93' lang='lat' dir='ltr'>apud</span> <span class='ocrx_word' id='word_1_53' title='bbox 569 1322 784 1404; x_wconf 84' lang='lat' dir='ltr'>parochialem</span> <span class='ocrx_word' id='word_1_54' title='bbox 801 1322 972 1386; x_wconf 91' lang='lat' dir='ltr'>ecclesiam</span> <span class='ocrx_word' id='word_1_55' title='bbox 989 1322 1092 1386; x_wconf 91' lang='lat' dir='ltr'>sancti</span> <span class='ocrx_word' id='word_1_56' title='bbox 1110 1321 1286 1394; x_wconf 71' lang='lat' dir='ltr'>Michaelis</span> 
     </span>
     <span class='ocr_line' id='line_1_9' title="bbox 275 1420 1350 1502; baseline -0.001 -16"><span class='ocrx_word' id='word_1_57' title='bbox 275 1423 461 1488; x_wconf 84' lang='lat' dir='ltr'>··Nernerus</span> <span class='ocrx_word' id='word_1_58' title='bbox 488 1421 709 1486; x_wconf 86' lang='lat' dir='ltr'>bersariorum</span> <span class='ocrx_word' id='word_1_59' title='bbox 734 1420 830 1502; x_wconf 85' lang='lat' dir='ltr'>hejtts</span> <span class='ocrx_word' id='word_1_60' title='bbox 856 1421 985 1502; x_wconf 91' lang='lat' dir='ltr'>collegii</span> <span class='ocrx_word' id='word_1_61' title='bbox 1008 1431 1117 1485; x_wconf 89' lang='lat' dir='ltr'>certes</span> <span class='ocrx_word' id='word_1_62' title='bbox 1143 1429 1174 1485; x_wconf 91' lang='lat' dir='ltr'>et</span> <span class='ocrx_word' id='word_1_63' title='bbox 1201 1421 1350 1486; x_wconf 90' lang='lat' dir='ltr'>determi-</span> 
     </span>
     <span class='ocr_line' id='line_1_10' title="bbox 261 1519 1351 1602; baseline -0.002 -16"><span class='ocrx_word' id='word_1_64' title='bbox 261 1533 357 1587; x_wconf 89' lang='lat' dir='ltr'>natus</span> <span class='ocrx_word' id='word_1_65' title='bbox 380 1531 443 1586; x_wconf 92' lang='lat' dir='ltr'>non</span> <span class='ocrx_word' id='word_1_66' title='bbox 466 1530 517 1586; x_wconf 91' lang='lat' dir='ltr'>est</span> <span class='ocrx_word' id='word_1_67' title='bbox 533 1527 666 1602; x_wconf 87' lang='lat' dir='ltr'>propter</span> <span class='ocrx_word' id='word_1_68' title='bbox 688 1521 948 1585; x_wconf 88' lang='lat' dir='ltr'>incertitudinem</span> <span class='ocrx_word' id='word_1_69' title='bbox 973 1519 1134 1584; x_wconf 90' lang='lat' dir='ltr'>redituum</span> <span class='ocrx_word' id='word_1_70' title='bbox 1158 1527 1190 1584; x_wconf 92' lang='lat' dir='ltr'>et</span> <span class='ocrx_word' id='word_1_71' title='bbox 1212 1537 1351 1601; x_wconf 54' lang='lat' dir='ltr'>prosena</span> 
     </span>
     <span class='ocr_line' id='line_1_11' title="bbox 262 1619 1351 1701; baseline 0.001 -17"><span class='ocrx_word' id='word_1_72' title='bbox 262 1623 352 1685; x_wconf 88' lang='lat' dir='ltr'>tuem</span> <span class='ocrx_word' id='word_1_73' title='bbox 379 1620 539 1684; x_wconf 92' lang='lat' dir='ltr'>bonorem</span> <span class='ocrx_word' id='word_1_74' title='bbox 566 1619 643 1684; x_wconf 91' lang='lat' dir='ltr'>dicti</span> <span class='ocrx_word' id='word_1_75' title='bbox 669 1619 843 1700; x_wconf 75' lang='lat' dir='ltr'>prioratus</span> <span class='ocrx_word' id='word_1_76' title='bbox 872 1619 926 1701; x_wconf 88' lang='lat' dir='ltr'>qui</span> <span class='ocrx_word' id='word_1_77' title='bbox 954 1635 1013 1698; x_wconf 88' lang='lat' dir='ltr'>pro</span> <span class='ocrx_word' id='word_1_78' title='bbox 1040 1619 1165 1682; x_wconf 89' lang='lat' dir='ltr'>ratione</span> <span class='ocrx_word' id='word_1_79' title='bbox 1195 1620 1351 1700; x_wconf 88' lang='lat' dir='ltr'>temporis</span> 
     </span>
     <span class='ocr_line' id='line_1_12' title="bbox 260 1716 1347 1803; baseline -0.003 -19"><span class='ocrx_word' id='word_1_80' title='bbox 260 1720 372 1794; x_wconf 87' lang='lat' dir='ltr'>variat,</span> <span class='ocrx_word' id='word_1_81' title='bbox 389 1728 421 1782; x_wconf 92' lang='lat' dir='ltr'>et</span> <span class='ocrx_word' id='word_1_82' title='bbox 431 1717 595 1803; x_wconf 66' lang='lat' dir='ltr'>⁴interdum</span> <span class='ocrx_word' id='word_1_83' title='bbox 611 1718 723 1800; x_wconf 85' lang='lat' dir='ltr'>major,</span> <span class='ocrx_word' id='word_1_84' title='bbox 741 1718 901 1782; x_wconf 90' lang='lat' dir='ltr'>interdum</span> <span class='ocrx_word' id='word_1_85' title='bbox 918 1717 1022 1781; x_wconf 90' lang='lat' dir='ltr'>minor</span> <span class='ocrx_word' id='word_1_86' title='bbox 1037 1726 1097 1781; x_wconf 89' lang='lat' dir='ltr'>est.</span> <span class='ocrx_word' id='word_1_87' title='bbox 1115 1716 1153 1779; x_wconf 85' lang='lat' dir='ltr'>Et</span> <span class='ocrx_word' id='word_1_88' title='bbox 1169 1718 1298 1798; x_wconf 85' lang='lat' dir='ltr'>quidem</span> <span class='ocrx_word' id='word_1_89' title='bbox 1314 1720 1347 1781; x_wconf 92' lang='lat' dir='ltr'>in</span> 
     </span>
     <span class='ocr_line' id='line_1_13' title="bbox 262 1815 1351 1899; baseline 0 -18"><span class='ocrx_word' id='word_1_90' title='bbox 262 1817 468 1899; x_wconf 89' lang='lat' dir='ltr'>primahujos</span> <span class='ocrx_word' id='word_1_91' title='bbox 480 1817 608 1898; x_wconf 89' lang='lat' dir='ltr'>collegii</span> <span class='ocrx_word' id='word_1_92' title='bbox 621 1815 783 1882; x_wconf 88' lang='lat' dir='ltr'>erectione</span> <span class='ocrx_word' id='word_1_93' title='bbox 796 1816 960 1880; x_wconf 89' lang='lat' dir='ltr'>constituti</span> <span class='ocrx_word' id='word_1_94' title='bbox 973 1825 1004 1879; x_wconf 90' lang='lat' dir='ltr'>et</span> <span class='ocrx_word' id='word_1_95' title='bbox 1016 1816 1141 1880; x_wconf 86' lang='lat' dir='ltr'>educati</span> <span class='ocrx_word' id='word_1_96' title='bbox 1155 1817 1285 1881; x_wconf 91' lang='lat' dir='ltr'>luerent</span> <span class='ocrx_word' id='word_1_97' title='bbox 1296 1833 1351 1882; x_wconf 85' lang='lat' dir='ltr'>sex</span> 
     </span>
     <span class='ocr_line' id='line_1_14' title="bbox 260 1915 1349 2000; baseline -0.003 -19"><span class='ocrx_word' id='word_1_98' title='bbox 260 1917 408 2000; x_wconf 74' lang='lat' dir='ltr'>bersarii</span> <span class='ocrx_word' id='word_1_99' title='bbox 431 1915 492 2000; x_wconf 83' lang='lat' dir='ltr'>sub</span> <span class='ocrx_word' id='word_1_100' title='bbox 521 1933 628 1980; x_wconf 88' lang='lat' dir='ltr'>annuo</span> <span class='ocrx_word' id='word_1_101' title='bbox 651 1915 867 1988; x_wconf 88' lang='lat' dir='ltr'>emolumento</span> <span class='ocrx_word' id='word_1_102' title='bbox 897 1915 1027 1996; x_wconf 88' lang='lat' dir='ltr'>triginta</span> <span class='ocrx_word' id='word_1_103' title='bbox 1057 1931 1114 1980; x_wconf 86' lang='lat' dir='ltr'>sex</span> <span class='ocrx_word' id='word_1_104' title='bbox 1139 1915 1349 1998; x_wconf 74' lang='lat' dir='ltr'>florenorum,</span> 
     </span>
     <span class='ocr_line' id='line_1_15' title="bbox 261 2012 1349 2100; baseline -0.003 -21"><span class='ocrx_word' id='word_1_105' title='bbox 261 2014 436 2100; x_wconf 76' lang='lat' dir='ltr'>cppstituto</span> <span class='ocrx_word' id='word_1_106' title='bbox 466 2030 530 2084; x_wconf 93' lang='lat' dir='ltr'>eno</span> <span class='ocrx_word' id='word_1_107' title='bbox 557 2013 773 2097; x_wconf 82' lang='lat' dir='ltr'>praesidente,</span> <span class='ocrx_word' id='word_1_108' title='bbox 802 2013 855 2094; x_wconf 85' lang='lat' dir='ltr'>qui</span> <span class='ocrx_word' id='word_1_109' title='bbox 881 2012 1081 2078; x_wconf 82' lang='lat' dir='ltr'>tantumdem</span> <span class='ocrx_word' id='word_1_110' title='bbox 1110 2030 1239 2094; x_wconf 84' lang='lat' dir='ltr'>quoque</span> <span class='ocrx_word' id='word_1_111' title='bbox 1270 2013 1349 2076; x_wconf 92' lang='lat' dir='ltr'>ultra</span> 
     </span>
     <span class='ocr_line' id='line_1_16' title="bbox 270 2113 1359 2198; baseline -0.006 -20"><span class='ocrx_word' id='word_1_112' title='bbox 270 2114 466 2198; x_wconf 74' lang='lat' dir='ltr'>stipendium</span> <span class='ocrx_word' id='word_1_113' title='bbox 484 2113 675 2194; x_wconf 80' lang='lat' dir='ltr'>perciperet.</span> <span class='ocrx_word' id='word_1_114' title='bbox 741 2187 744 2194; x_wconf 27' lang='lat'>¹</span> <span class='ocrx_word' id='word_1_115' title='bbox 1352 2167 1359 2172; x_wconf 84' lang='lat'>.</span> 
     </span>
     <span class='ocr_line' id='line_1_17' title="bbox 267 2211 1347 2298; baseline -0.006 -19"><span class='ocrx_word' id='word_1_116' title='bbox 267 2283 272 2294; x_wconf 62' lang='grc'>,</span> <span class='ocrx_word' id='word_1_117' title='bbox 303 2211 668 2298; x_wconf 22' lang='lat' dir='ltr'>llrlrpuskdicticollcgii</span> <span class='ocrx_word' id='word_1_118' title='bbox 692 2211 883 2291; x_wconf 83' lang='lat' dir='ltr'>praesidens</span> <span class='ocrx_word' id='word_1_119' title='bbox 905 2211 964 2276; x_wconf 87' lang='lat' dir='ltr'>fuit</span> <span class='ocrx_word' id='word_1_120' title='bbox 989 2211 1139 2277; x_wconf 90' lang='lat' dir='ltr'>dominus</span> <span class='ocrx_word' id='word_1_121' title='bbox 1155 2213 1347 2276; x_wconf 81' lang='lat' dir='ltr'>ilenricese</span> 
     </span>
     <span class='ocr_line' id='line_1_18' title="bbox 261 2302 1094 2398; baseline -0.002 -23"><span class='ocrx_word' id='word_1_122' title='bbox 261 2315 354 2398; x_wconf 71' lang='lat' dir='ltr'>Repo,</span> <span class='ocrx_word' id='word_1_123' title='bbox 372 2302 683 2394; x_wconf 84' lang='lat' dir='ltr'>presbyter,sacrae</span> <span class='ocrx_word' id='word_1_124' title='bbox 700 2311 881 2392; x_wconf 82' lang='lat' dir='ltr'>theologiae</span> <span class='ocrx_word' id='word_1_125' title='bbox 897 2311 1094 2376; x_wconf 89' lang='lat' dir='ltr'>licentiatus.</span> 
     </span>
    </p>

    <p class='ocr_par' dir='ltr' id='par_1_4' title="bbox 260 2410 1351 3288">
     <span class='ocr_line' id='line_1_19' title="bbox 303 2410 1351 2495; baseline -0.002 -21"><span class='ocrx_word' id='word_1_126' title='bbox 303 2410 340 2474; x_wconf 94' lang='lat' dir='ltr'>ln</span> <span class='ocrx_word' id='word_1_127' title='bbox 356 2418 540 2495; x_wconf 87' lang='lat' dir='ltr'>supratacto</span> <span class='ocrx_word' id='word_1_128' title='bbox 552 2425 636 2474; x_wconf 90' lang='lat' dir='ltr'>anno</span> <span class='ocrx_word' id='word_1_129' title='bbox 653 2410 891 2492; x_wconf 89' lang='lat' dir='ltr'>septuagesimo</span> <span class='ocrx_word' id='word_1_130' title='bbox 908 2419 1022 2474; x_wconf 89' lang='lat' dir='ltr'>octavo</span> <span class='ocrx_word' id='word_1_131' title='bbox 1035 2428 1073 2476; x_wconf 89' lang='lat' dir='ltr'>ex</span> <span class='ocrx_word' id='word_1_132' title='bbox 1089 2410 1251 2490; x_wconf 88' lang='lat' dir='ltr'>praesidio</span> <span class='ocrx_word' id='word_1_133' title='bbox 1267 2410 1351 2478; x_wconf 87' lang='lat' dir='ltr'>mili·</span> 
     </span>
     <span class='ocr_line' id='line_1_20' title="bbox 261 2508 1349 2594; baseline 0.003 -24"><span class='ocrx_word' id='word_1_134' title='bbox 261 2508 333 2584; x_wconf 83' lang='lat' dir='ltr'>tari,</span> <span class='ocrx_word' id='word_1_135' title='bbox 358 2508 567 2594; x_wconf 89' lang='lat' dir='ltr'>quodictum</span> <span class='ocrx_word' id='word_1_136' title='bbox 590 2509 761 2588; x_wconf 81' lang='lat' dir='ltr'>collegium</span> <span class='ocrx_word' id='word_1_137' title='bbox 786 2525 844 2587; x_wconf 90' lang='lat' dir='ltr'>per</span> <span class='ocrx_word' id='word_1_138' title='bbox 866 2508 1113 2588; x_wconf 85' lang='lat' dir='ltr'>Burgundiones</span> <span class='ocrx_word' id='word_1_139' title='bbox 1140 2508 1349 2579; x_wconf 84' lang='lat' dir='ltr'>acerbissime</span> 
     </span>
     <span class='ocr_line' id='line_1_21' title="bbox 260 2606 1350 2696; baseline 0.001 -26"><span class='ocrx_word' id='word_1_140' title='bbox 260 2615 426 2696; x_wconf 78' lang='lat' dir='ltr'>graratpm</span> <span class='ocrx_word' id='word_1_141' title='bbox 443 2606 511 2679; x_wconf 82' lang='lat' dir='ltr'>leit,</span> <span class='ocrx_word' id='word_1_142' title='bbox 526 2623 639 2670; x_wconf 88' lang='lat' dir='ltr'>omnes</span> <span class='ocrx_word' id='word_1_143' title='bbox 655 2607 687 2669; x_wconf 93' lang='lat' dir='ltr'>hi</span> <span class='ocrx_word' id='word_1_144' title='bbox 704 2606 843 2672; x_wconf 88' lang='lat' dir='ltr'>bersarii</span> <span class='ocrx_word' id='word_1_145' title='bbox 861 2607 1032 2686; x_wconf 80' lang='lat' dir='ltr'>protegere</span> <span class='ocrx_word' id='word_1_146' title='bbox 1048 2607 1240 2688; x_wconf 86' lang='lat' dir='ltr'>debuerunt,</span> <span class='ocrx_word' id='word_1_147' title='bbox 1255 2616 1350 2688; x_wconf 89' lang='lat' dir='ltr'>atque</span> 
     </span>
     <span class='ocr_line' id='line_1_22' title="bbox 261 2706 1350 2787; baseline 0.001 -17"><span class='ocrx_word' id='word_1_148' title='bbox 261 2709 366 2786; x_wconf 56' lang='lat' dir='ltr'>etiam,</span> <span class='ocrx_word' id='word_1_149' title='bbox 387 2707 491 2787; x_wconf 86' lang='lat' dir='ltr'>dictes</span> <span class='ocrx_word' id='word_1_150' title='bbox 521 2706 722 2786; x_wconf 65' lang='lat' dir='ltr'>praesidens</span> <span class='ocrx_word' id='word_1_151' title='bbox 740 2706 793 2786; x_wconf 83' lang='lat' dir='ltr'>qui</span> <span class='ocrx_word' id='word_1_152' title='bbox 811 2707 981 2786; x_wconf 91' lang='lat' dir='ltr'>posthanc</span> <span class='ocrx_word' id='word_1_153' title='bbox 1006 2707 1111 2787; x_wconf 83' lang='lat' dir='ltr'>legam</span> <span class='ocrx_word' id='word_1_154' title='bbox 1128 2707 1223 2771; x_wconf 90' lang='lat' dir='ltr'>etiam</span> <span class='ocrx_word' id='word_1_155' title='bbox 1249 2707 1350 2770; x_wconf 91' lang='lat' dir='ltr'>latere</span> 
     </span>
     <span class='ocr_line' id='line_1_23' title="bbox 261 2805 1348 2894; baseline -0.006 -19"><span class='ocrx_word' id='word_1_156' title='bbox 261 2805 443 2892; x_wconf 69' lang='lat' dir='ltr'>debuitne</span> <span class='ocrx_word' id='word_1_157' title='bbox 454 2805 717 2894; x_wconf 86' lang='lat' dir='ltr'>perhospitatum</span> <span class='ocrx_word' id='word_1_158' title='bbox 732 2805 863 2868; x_wconf 92' lang='lat' dir='ltr'>militem</span> <span class='ocrx_word' id='word_1_159' title='bbox 880 2805 918 2868; x_wconf 92' lang='lat' dir='ltr'>ad</span> <span class='ocrx_word' id='word_1_160' title='bbox 932 2805 1348 2886; x_wconf 83' lang='lat' dir='ltr'>collegiemrctraheretur,</span> 
     </span>
     <span class='ocr_line' id='line_1_24' title="bbox 262 2903 1351 2985; baseline -0.003 -16"><span class='ocrx_word' id='word_1_161' title='bbox 262 2912 294 2969; x_wconf 89' lang='lat' dir='ltr'>et</span> <span class='ocrx_word' id='word_1_162' title='bbox 309 2904 393 2985; x_wconf 81' lang='lat' dir='ltr'>quod</span> <span class='ocrx_word' id='word_1_163' title='bbox 416 2904 548 2981; x_wconf 91' lang='lat' dir='ltr'>vellent,</span> <span class='ocrx_word' id='word_1_164' title='bbox 565 2904 606 2967; x_wconf 91' lang='lat' dir='ltr'>iis</span> <span class='ocrx_word' id='word_1_165' title='bbox 629 2913 793 2984; x_wconf 88' lang='lat' dir='ltr'>praestare</span> <span class='ocrx_word' id='word_1_166' title='bbox 816 2912 990 2979; x_wconf 88' lang='lat' dir='ltr'>teneretur;</span> <span class='ocrx_word' id='word_1_167' title='bbox 1008 2903 1046 2966; x_wconf 90' lang='lat' dir='ltr'>ad</span> <span class='ocrx_word' id='word_1_168' title='bbox 1069 2904 1269 2985; x_wconf 85' lang='lat' dir='ltr'>quodetiam</span> <span class='ocrx_word' id='word_1_169' title='bbox 1293 2920 1351 2983; x_wconf 90' lang='lat' dir='ltr'>per</span> 
     </span>
     <span class='ocr_line' id='line_1_25' title="bbox 262 2999 1349 3088; baseline 0.004 -24"><span class='ocrx_word' id='word_1_170' title='bbox 262 3003 372 3088; x_wconf 82' lang='lat' dir='ltr'>minas.</span> <span class='ocrx_word' id='word_1_171' title='bbox 391 3003 506 3070; x_wconf 90' lang='lat' dir='ltr'>mortis</span> <span class='ocrx_word' id='word_1_172' title='bbox 532 3016 605 3066; x_wconf 91' lang='lat' dir='ltr'>eum</span> <span class='ocrx_word' id='word_1_173' title='bbox 631 2999 748 3083; x_wconf 88' lang='lat' dir='ltr'>cogere</span> <span class='ocrx_word' id='word_1_174' title='bbox 777 3003 951 3067; x_wconf 89' lang='lat' dir='ltr'>voluerunt</span> <span class='ocrx_word' id='word_1_175' title='bbox 978 3019 1079 3084; x_wconf 88' lang='lat' dir='ltr'>usque</span> <span class='ocrx_word' id='word_1_176' title='bbox 1108 3004 1200 3078; x_wconf 83' lang='lat' dir='ltr'>adeo,</span> <span class='ocrx_word' id='word_1_177' title='bbox 1231 3012 1271 3068; x_wconf 83' lang='lat' dir='ltr'>ut.</span> <span class='ocrx_word' id='word_1_178' title='bbox 1289 3019 1349 3068; x_wconf 90' lang='lat' dir='ltr'>eec</span> 
     </span>
     <span class='ocr_line' id='line_1_26' title="bbox 263 3100 1351 3189; baseline -0.002 -23"><span class='ocrx_word' id='word_1_179' title='bbox 263 3100 744 3189; x_wconf 68' lang='lat' dir='ltr'>buraniisubsistereaederet,</span> <span class='ocrx_word' id='word_1_180' title='bbox 760 3101 971 3182; x_wconf 78' lang='lat' dir='ltr'>profugiendo</span> <span class='ocrx_word' id='word_1_181' title='bbox 987 3101 1025 3164; x_wconf 91' lang='lat' dir='ltr'>ad</span> <span class='ocrx_word' id='word_1_182' title='bbox 1039 3100 1200 3166; x_wconf 90' lang='lat' dir='ltr'>civitatem</span> <span class='ocrx_word' id='word_1_183' title='bbox 1216 3101 1351 3186; x_wconf 82' lang='lat' dir='ltr'>Nemer-</span> 
     </span>
     <span class='ocr_line' id='line_1_27' title="bbox 264 3199 1269 3288; baseline -0.008 -22"><span class='ocrx_word' id='word_1_184' title='bbox 264 3216 406 3288; x_wconf 75' lang='lat' dir='ltr'>pcpsem,</span> <span class='ocrx_word' id='word_1_185' title='bbox 424 3201 456 3262; x_wconf 93' lang='lat' dir='ltr'>in</span> <span class='ocrx_word' id='word_1_186' title='bbox 472 3215 533 3280; x_wconf 82' lang='lat' dir='ltr'>eea</span> <span class='ocrx_word' id='word_1_187' title='bbox 551 3199 647 3262; x_wconf 91' lang='lat' dir='ltr'>etiam</span> <span class='ocrx_word' id='word_1_188' title='bbox 663 3199 741 3264; x_wconf 91' lang='lat' dir='ltr'>obiit</span> <span class='ocrx_word' id='word_1_189' title='bbox 757 3200 790 3262; x_wconf 95' lang='lat' dir='ltr'>in</span> <span class='ocrx_word' id='word_1_190' title='bbox 807 3200 878 3278; x_wconf 92' lang='lat' dir='ltr'>ipso</span> <span class='ocrx_word' id='word_1_191' title='bbox 892 3199 1108 3269; x_wconf 86' lang='lat' dir='ltr'>xenodochio,</span> <span class='ocrx_word' id='word_1_192' title='bbox 1145 3255 1150 3284; x_wconf 39' lang='grc' dir='ltr'>ς</span> <span class='ocrx_word' id='word_1_193' title='bbox 1169 3260 1173 3279; x_wconf 41' lang='grc'>,,</span> <span class='ocrx_word' id='word_1_194' title='bbox 1195 3266 1198 3280; x_wconf 46' lang='grc'>,</span> <span class='ocrx_word' id='word_1_195' title='bbox 1246 3275 1247 3282; x_wconf 12' lang='lat'>¹</span> <span class='ocrx_word' id='word_1_196' title='bbox 1267 3253 1269 3258; x_wconf 82' lang='grc'><strong>,</strong></span> 
     </span>
    </p>

    <p class='ocr_par' dir='ltr' id='par_1_5' title="bbox 262 3297 1351 3872">
     <span class='ocr_line' id='line_1_28' title="bbox 305 3297 1351 3384; baseline 0 -24"><span class='ocrx_word' id='word_1_197' title='bbox 305 3298 349 3362; x_wconf 93' lang='lat' dir='ltr'>lta</span> <span class='ocrx_word' id='word_1_198' title='bbox 362 3298 446 3378; x_wconf 86' lang='lat' dir='ltr'>quod</span> <span class='ocrx_word' id='word_1_199' title='bbox 460 3297 581 3382; x_wconf 85' lang='lat' dir='ltr'>dictum</span> <span class='ocrx_word' id='word_1_200' title='bbox 594 3297 764 3380; x_wconf 85' lang='lat' dir='ltr'>collegium</span> <span class='ocrx_word' id='word_1_201' title='bbox 778 3297 825 3361; x_wconf 90' lang='lat' dir='ltr'>sic</span> <span class='ocrx_word' id='word_1_202' title='bbox 837 3298 1000 3362; x_wconf 90' lang='lat' dir='ltr'>desertum</span> <span class='ocrx_word' id='word_1_203' title='bbox 1014 3314 1072 3382; x_wconf 86' lang='lat' dir='ltr'>per</span> <span class='ocrx_word' id='word_1_204' title='bbox 1084 3297 1203 3384; x_wconf 79' lang='lat' dir='ltr'>dicture</span> <span class='ocrx_word' id='word_1_205' title='bbox 1217 3297 1351 3381; x_wconf 72' lang='lat' dir='ltr'>militem</span> 
     </span>
     <span class='ocr_line' id='line_1_29' title="bbox 263 3396 1351 3480; baseline -0.002 -18"><span class='ocrx_word' id='word_1_206' title='bbox 263 3398 396 3468; x_wconf 89' lang='lat' dir='ltr'>omnino</span> <span class='ocrx_word' id='word_1_207' title='bbox 411 3397 572 3476; x_wconf 90' lang='lat' dir='ltr'>direptum</span> <span class='ocrx_word' id='word_1_208' title='bbox 592 3404 623 3460; x_wconf 90' lang='lat' dir='ltr'>et</span> <span class='ocrx_word' id='word_1_209' title='bbox 638 3396 811 3476; x_wconf 91' lang='lat' dir='ltr'>spoliatum</span> <span class='ocrx_word' id='word_1_210' title='bbox 834 3396 941 3471; x_wconf 88' lang='lat' dir='ltr'>luerit,</span> <span class='ocrx_word' id='word_1_211' title='bbox 959 3413 1022 3473; x_wconf 92' lang='lat' dir='ltr'>non</span> <span class='ocrx_word' id='word_1_212' title='bbox 1045 3405 1174 3480; x_wconf 83' lang='lat' dir='ltr'>taptem</span> <span class='ocrx_word' id='word_1_213' title='bbox 1191 3396 1351 3480; x_wconf 62' lang='lat' dir='ltr'>supellecf</span> 
     </span>
     <span class='ocr_line' id='line_1_30' title="bbox 263 3495 1351 3583; baseline -0.002 -21"><span class='ocrx_word' id='word_1_214' title='bbox 263 3497 329 3578; x_wconf 87' lang='lat' dir='ltr'>tile,</span> <span class='ocrx_word' id='word_1_215' title='bbox 347 3495 404 3560; x_wconf 89' lang='lat' dir='ltr'>sed</span> <span class='ocrx_word' id='word_1_216' title='bbox 421 3497 515 3583; x_wconf 82' lang='lat' dir='ltr'>etiam</span> <span class='ocrx_word' id='word_1_217' title='bbox 531 3495 617 3559; x_wconf 93' lang='lat' dir='ltr'>omni</span> <span class='ocrx_word' id='word_1_218' title='bbox 635 3495 839 3566; x_wconf 76' lang='lat' dir='ltr'>bibliotheca:</span> <span class='ocrx_word' id='word_1_219' title='bbox 857 3495 904 3559; x_wconf 87' lang='lat' dir='ltr'>sic</span> <span class='ocrx_word' id='word_1_220' title='bbox 921 3496 1055 3560; x_wconf 90' lang='lat' dir='ltr'>ulterius</span> <span class='ocrx_word' id='word_1_221' title='bbox 1072 3513 1129 3576; x_wconf 89' lang='lat' dir='ltr'>per</span> <span class='ocrx_word' id='word_1_222' title='bbox 1144 3495 1304 3580; x_wconf 78' lang='lat' dir='ltr'>eumdem,</span> <span class='ocrx_word' id='word_1_223' title='bbox 1319 3505 1351 3570; x_wconf 84' lang='lat' dir='ltr'>et</span> 
     </span>
     <span class='ocr_line' id='line_1_31' title="bbox 263 3590 1350 3678; baseline 0.001 -21"><span class='ocrx_word' id='word_1_224' title='bbox 263 3594 344 3658; x_wconf 90' lang='lat' dir='ltr'>alios</span> <span class='ocrx_word' id='word_1_225' title='bbox 370 3590 416 3656; x_wconf 89' lang='lat' dir='ltr'>illi</span> <span class='ocrx_word' id='word_1_226' title='bbox 444 3595 656 3658; x_wconf 88' lang='lat' dir='ltr'>succedentes</span> <span class='ocrx_word' id='word_1_227' title='bbox 680 3593 797 3658; x_wconf 91' lang='lat' dir='ltr'>milites</span> <span class='ocrx_word' id='word_1_228' title='bbox 821 3594 1045 3671; x_wconf 89' lang='lat' dir='ltr'>evisceratum,</span> <span class='ocrx_word' id='word_1_229' title='bbox 1065 3603 1098 3658; x_wconf 92' lang='lat' dir='ltr'>et</span> <span class='ocrx_word' id='word_1_230' title='bbox 1121 3593 1202 3678; x_wconf 87' lang='lat' dir='ltr'>nihil</span> <span class='ocrx_word' id='word_1_231' title='bbox 1224 3602 1350 3674; x_wconf 88' lang='lat' dir='ltr'>praeter</span> 
     </span>
     <span class='ocr_line' id='line_1_32' title="bbox 262 3691 1351 3773; baseline 0 -17"><span class='ocrx_word' id='word_1_232' title='bbox 262 3702 394 3768; x_wconf 91' lang='lat' dir='ltr'>tectum,</span> <span class='ocrx_word' id='word_1_233' title='bbox 410 3710 519 3757; x_wconf 91' lang='lat' dir='ltr'>muros</span> <span class='ocrx_word' id='word_1_234' title='bbox 535 3710 592 3757; x_wconf 88' lang='lat' dir='ltr'>see</span> <span class='ocrx_word' id='word_1_235' title='bbox 610 3693 748 3772; x_wconf 91' lang='lat' dir='ltr'>parietes</span> <span class='ocrx_word' id='word_1_236' title='bbox 764 3695 917 3773; x_wconf 88' lang='lat' dir='ltr'>supersit,</span> <span class='ocrx_word' id='word_1_237' title='bbox 933 3711 992 3758; x_wconf 90' lang='lat' dir='ltr'>nco</span> <span class='ocrx_word' id='word_1_238' title='bbox 1008 3694 1100 3758; x_wconf 90' lang='lat' dir='ltr'>lacile</span> <span class='ocrx_word' id='word_1_239' title='bbox 1116 3693 1201 3756; x_wconf 89' lang='lat' dir='ltr'>mille</span> <span class='ocrx_word' id='word_1_240' title='bbox 1217 3691 1351 3756; x_wconf 90' lang='lat' dir='ltr'>llorenis</span> 
     </span>
     <span class='ocr_line' id='line_1_33' title="bbox 263 3791 1205 3872; baseline -0.006 -18"><span class='ocrx_word' id='word_1_241' title='bbox 263 3793 301 3856; x_wconf 91' lang='lat' dir='ltr'>ad</span> <span class='ocrx_word' id='word_1_242' title='bbox 319 3791 462 3872; x_wconf 87' lang='lat' dir='ltr'>priorem</span> <span class='ocrx_word' id='word_1_243' title='bbox 477 3801 594 3860; x_wconf 84' lang='lat' dir='ltr'>statum</span> <span class='ocrx_word' id='word_1_244' title='bbox 612 3791 737 3856; x_wconf 90' lang='lat' dir='ltr'>restitui</span> <span class='ocrx_word' id='word_1_245' title='bbox 753 3801 877 3872; x_wconf 90' lang='lat' dir='ltr'>posset.</span> <span class='ocrx_word' id='word_1_246' title='bbox 934 3829 936 3834; x_wconf 66' lang='lat'>,</span> <span class='ocrx_word' id='word_1_247' title='bbox 1204 3843 1205 3848; x_wconf 75' lang='grc'>,</span> 
     </span>
    </p>

    <p class='ocr_par' dir='ltr' id='par_1_6' title="bbox 261 3890 1352 4267">
     <span class='ocr_line' id='line_1_34' title="bbox 305 3890 1350 3971; baseline -0.002 -19"><span class='ocrx_word' id='word_1_248' title='bbox 305 3890 427 3970; x_wconf 80' lang='lat' dir='ltr'>Etonia</span> <span class='ocrx_word' id='word_1_249' title='bbox 443 3890 549 3954; x_wconf 91' lang='lat' dir='ltr'>emnia</span> <span class='ocrx_word' id='word_1_250' title='bbox 562 3890 638 3953; x_wconf 89' lang='lat' dir='ltr'>dicti</span> <span class='ocrx_word' id='word_1_251' title='bbox 655 3890 818 3970; x_wconf 90' lang='lat' dir='ltr'>prioratus</span> <span class='ocrx_word' id='word_1_252' title='bbox 835 3891 917 3955; x_wconf 91' lang='lat' dir='ltr'>hona</span> <span class='ocrx_word' id='word_1_253' title='bbox 931 3907 989 3955; x_wconf 88' lang='lat' dir='ltr'>seu</span> <span class='ocrx_word' id='word_1_254' title='bbox 1005 3891 1134 3971; x_wconf 90' lang='lat' dir='ltr'>praedia</span> <span class='ocrx_word' id='word_1_255' title='bbox 1151 3907 1208 3971; x_wconf 92' lang='lat' dir='ltr'>per</span> <span class='ocrx_word' id='word_1_256' title='bbox 1220 3890 1350 3954; x_wconf 90' lang='lat' dir='ltr'>calami-</span> 
     </span>
     <span class='ocr_line' id='line_1_35' title="bbox 263 3989 1349 4074; baseline 0 -24"><span class='ocrx_word' id='word_1_257' title='bbox 263 3989 500 4052; x_wconf 86' lang='lat' dir='ltr'>tatemhorem</span> <span class='ocrx_word' id='word_1_258' title='bbox 530 3995 711 4068; x_wconf 91' lang='lat' dir='ltr'>temporem</span> <span class='ocrx_word' id='word_1_259' title='bbox 741 3989 869 4052; x_wconf 89' lang='lat' dir='ltr'>deserta</span> <span class='ocrx_word' id='word_1_260' title='bbox 896 3997 928 4053; x_wconf 89' lang='lat' dir='ltr'>et</span> <span class='ocrx_word' id='word_1_261' title='bbox 953 3989 1070 4053; x_wconf 88' lang='lat' dir='ltr'>inculta</span> <span class='ocrx_word' id='word_1_262' title='bbox 1095 3989 1349 4074; x_wconf 87' lang='lat' dir='ltr'>jacuerunt&#39;pro</span> 
     </span>
     <span class='ocr_line' id='line_1_36' title="bbox 264 4077 1351 4168; baseline 0 -21"><span class='ocrx_word' id='word_1_263' title='bbox 264 4086 398 4148; x_wconf 86' lang='lat' dir='ltr'>maxima</span> <span class='ocrx_word' id='word_1_264' title='bbox 430 4095 529 4166; x_wconf 89' lang='lat' dir='ltr'>parte,</span> <span class='ocrx_word' id='word_1_265' title='bbox 553 4102 592 4150; x_wconf 88' lang='lat' dir='ltr'>ex</span> <span class='ocrx_word' id='word_1_266' title='bbox 617 4087 781 4168; x_wconf 83' lang='lat' dir='ltr'>aliquibus</span> <span class='ocrx_word' id='word_1_267' title='bbox 808 4087 959 4168; x_wconf 86' lang='lat' dir='ltr'>exiguum</span> <span class='ocrx_word' id='word_1_268' title='bbox 986 4087 1158 4151; x_wconf 90' lang='lat' dir='ltr'>admodum</span> <span class='ocrx_word' id='word_1_269' title='bbox 1185 4077 1351 4166; x_wconf 78' lang='lat' dir='ltr'>receptum</span> 
     </span>
     <span class='ocr_line' id='line_1_37' title="bbox 261 4177 1352 4267; baseline 0.002 -21"><span class='ocrx_word' id='word_1_270' title='bbox 261 4183 322 4247; x_wconf 89' lang='lat' dir='ltr'>lelt</span> <span class='ocrx_word' id='word_1_271' title='bbox 336 4199 373 4249; x_wconf 91' lang='lat' dir='ltr'>ae</span> <span class='ocrx_word' id='word_1_272' title='bbox 390 4185 487 4266; x_wconf 87' lang='lat' dir='ltr'>recipi</span> <span class='ocrx_word' id='word_1_273' title='bbox 505 4177 619 4266; x_wconf 84' lang='lat' dir='ltr'>poluit,</span> <span class='ocrx_word' id='word_1_274' title='bbox 638 4195 669 4250; x_wconf 90' lang='lat' dir='ltr'>et</span> <span class='ocrx_word' id='word_1_275' title='bbox 685 4187 789 4250; x_wconf 88' lang='lat' dir='ltr'>adhuc</span> <span class='ocrx_word' id='word_1_276' title='bbox 805 4185 837 4248; x_wconf 94' lang='lat' dir='ltr'>in</span> <span class='ocrx_word' id='word_1_277' title='bbox 854 4186 1016 4267; x_wconf 88' lang='lat' dir='ltr'>praesenti</span> <span class='ocrx_word' id='word_1_278' title='bbox 1041 4181 1259 4267; x_wconf 88' lang='lat' dir='ltr'>perceptionis</span> <span class='ocrx_word' id='word_1_279' title='bbox 1275 4183 1352 4248; x_wconf 89' lang='lat' dir='ltr'>inde</span> 
     </span>
    </p>
   </div>
   <div class='ocr_carea' id='block_1_4' title="bbox 0 0 1626 4952">
    <p class='ocr_par' dir='ltr' id='par_1_7' title="bbox 0 0 1626 4952">
     <span class='ocr_line' id='line_1_38' title="bbox 0 0 1626 4952; baseline 0 0"><span class='ocrx_word' id='word_1_280' title='bbox 0 0 1626 4952; x_wconf 95' lang='lat' dir='ltr'> </span> 
     </span>
    </p>
   </div>
  </div>
 </body>
</html>
