<?xml version="1.0" encoding="UTF-8"?>
<!DOCTYPE html PUBLIC "-//W3C//DTD XHTML 1.0 Transitional//EN"
    "http://www.w3.org/TR/xhtml1/DTD/xhtml1-transitional.dtd">
<html xmlns="http://www.w3.org/1999/xhtml" xml:lang="en" lang="en">
 <head>
  <title>
</title>
<meta http-equiv="Content-Type" content="text/html;charset=utf-8" />
  <meta name='ocr-system' content='tesseract 3.04.00' />
  <meta name='ocr-capabilities' content='ocr_page ocr_carea ocr_par ocr_line ocrx_word'/>
</head>
<body>
  <div class='ocr_page' id='page_1' title='image "./documentsrelati01reusgoog/documentsrelati01reusgoog_0342.png"; bbox 0 0 3158 4952; ppageno 0'>
   <div class='ocr_carea' id='block_1_1' title="bbox 810 477 971 541">
    <p class='ocr_par' dir='ltr' id='par_1_1' title="bbox 810 477 971 541">
     <span class='ocr_line' id='line_1_1' title="bbox 810 477 971 541; baseline -0.006 0"><span class='ocrx_word' id='word_1_1' title='bbox 810 477 971 541; x_wconf 67' lang='lat'>-398-</span> 
     </span>
    </p>
   </div>
   <div class='ocr_carea' id='block_1_2' title="bbox 257 659 1425 4302">
    <p class='ocr_par' dir='ltr' id='par_1_2' title="bbox 257 659 1425 1332">
     <span class='ocr_line' id='line_1_2' title="bbox 338 659 1424 740; baseline 0.001 -18"><span class='ocrx_word' id='word_1_2' title='bbox 338 659 516 740; x_wconf 80' lang='lat' dir='ltr'><strong>pedagogio</strong></span> <span class='ocrx_word' id='word_1_3' title='bbox 539 659 748 735; x_wconf 88' lang='lat' dir='ltr'><strong>instituendo,</strong></span> <span class='ocrx_word' id='word_1_4' title='bbox 767 659 920 740; x_wconf 83' lang='lat' dir='ltr'><strong>illumque</strong></span> <span class='ocrx_word' id='word_1_5' title='bbox 935 659 1056 738; x_wconf 91' lang='lat' dir='ltr'><strong>aptabit</strong></span> <span class='ocrx_word' id='word_1_6' title='bbox 1080 676 1137 739; x_wconf 94' lang='lat' dir='ltr'><strong>pro</strong></span> <span class='ocrx_word' id='word_1_7' title='bbox 1154 659 1333 740; x_wconf 80' lang='lat' dir='ltr'><strong>pedagogio</strong></span> <span class='ocrx_word' id='word_1_8' title='bbox 1357 661 1424 724; x_wconf 85' lang='lat' dir='ltr'><strong>Fal-</strong></span> 
     </span>
     <span class='ocr_line' id='line_1_3' title="bbox 338 756 1425 838; baseline 0.003 -17"><span class='ocrx_word' id='word_1_9' title='bbox 338 758 442 822; x_wconf 85' lang='lat' dir='ltr'><strong>conis.</strong></span> <span class='ocrx_word' id='word_1_10' title='bbox 458 757 507 831; x_wconf 83' lang='lat' dir='ltr'><strong>Et,</strong></span> <span class='ocrx_word' id='word_1_11' title='bbox 526 758 552 821; x_wconf 94' lang='lat' dir='ltr'><strong>si</strong></span> <span class='ocrx_word' id='word_1_12' title='bbox 569 760 651 822; x_wconf 90' lang='lat' dir='ltr'><strong>intra</strong></span> <span class='ocrx_word' id='word_1_13' title='bbox 669 759 753 822; x_wconf 88' lang='lat' dir='ltr'><strong>istud</strong></span> <span class='ocrx_word' id='word_1_14' title='bbox 778 757 955 832; x_wconf 84' lang='lat' dir='ltr'><strong>biennium,</strong></span> <span class='ocrx_word' id='word_1_15' title='bbox 972 756 1057 838; x_wconf 81' lang='lat' dir='ltr'><strong>quod</strong></span> <span class='ocrx_word' id='word_1_16' title='bbox 1074 757 1203 837; x_wconf 78' lang='lat' dir='ltr'><strong>incipiet</strong></span> <span class='ocrx_word' id='word_1_17' title='bbox 1225 761 1256 820; x_wconf 91' lang='lat' dir='ltr'><strong>in</strong></span> <span class='ocrx_word' id='word_1_18' title='bbox 1281 759 1425 837; x_wconf 92' lang='lat' dir='ltr'><strong>proximo</strong></span> 
     </span>
     <span class='ocr_line' id='line_1_4' title="bbox 339 854 1424 937; baseline 0.004 -19"><span class='ocrx_word' id='word_1_19' title='bbox 339 856 420 920; x_wconf 88' lang='lat' dir='ltr'><strong>festo</strong></span> <span class='ocrx_word' id='word_1_20' title='bbox 434 856 578 928; x_wconf 79' lang='lat' dir='ltr'><strong>dionisii,</strong></span> <span class='ocrx_word' id='word_1_21' title='bbox 590 854 720 920; x_wconf 87' lang='lat' dir='ltr'><strong>fundum</strong></span> <span class='ocrx_word' id='word_1_22' title='bbox 737 857 832 920; x_wconf 90' lang='lat' dir='ltr'><strong>modo</strong></span> <span class='ocrx_word' id='word_1_23' title='bbox 846 856 990 935; x_wconf 87' lang='lat' dir='ltr'><strong>predicto</strong></span> <span class='ocrx_word' id='word_1_24' title='bbox 1006 872 1069 919; x_wconf 91' lang='lat' dir='ltr'><strong>nun</strong></span> <span class='ocrx_word' id='word_1_25' title='bbox 1082 857 1327 935; x_wconf 77' lang='lat' dir='ltr'><strong>comparaverit,</strong></span> <span class='ocrx_word' id='word_1_26' title='bbox 1338 858 1424 937; x_wconf 84' lang='lat' dir='ltr'><strong>quod</strong></span> 
     </span>
     <span class='ocr_line' id='line_1_5' title="bbox 337 954 1423 1037; baseline -0.001 -17"><span class='ocrx_word' id='word_1_27' title='bbox 337 966 465 1020; x_wconf 85' lang='lat' dir='ltr'><strong>extunc</strong></span> <span class='ocrx_word' id='word_1_28' title='bbox 487 956 548 1018; x_wconf 91' lang='lat' dir='ltr'><strong>erit</strong></span> <span class='ocrx_word' id='word_1_29' title='bbox 563 957 723 1037; x_wconf 85' lang='lat' dir='ltr'><strong>obligatus</strong></span> <span class='ocrx_word' id='word_1_30' title='bbox 750 973 806 1034; x_wconf 92' lang='lat' dir='ltr'><strong>pro</strong></span> <span class='ocrx_word' id='word_1_31' title='bbox 823 972 859 1020; x_wconf 91' lang='lat' dir='ltr'><strong>se</strong></span> <span class='ocrx_word' id='word_1_32' title='bbox 883 967 914 1020; x_wconf 88' lang='lat' dir='ltr'><strong>ut</strong></span> <span class='ocrx_word' id='word_1_33' title='bbox 929 955 998 1019; x_wconf 91' lang='lat' dir='ltr'><strong>suis</strong></span> <span class='ocrx_word' id='word_1_34' title='bbox 1023 954 1193 1019; x_wconf 78' lang='lat' dir='ltr'><strong>heredibus</strong></span> <span class='ocrx_word' id='word_1_35' title='bbox 1210 957 1351 1020; x_wconf 86' lang='lat' dir='ltr'><strong>facultati</strong></span> <span class='ocrx_word' id='word_1_36' title='bbox 1373 973 1423 1020; x_wconf 93' lang='lat' dir='ltr'><strong>ar-</strong></span> 
     </span>
     <span class='ocr_line' id='line_1_6' title="bbox 337 1053 1423 1134; baseline 0 -16"><span class='ocrx_word' id='word_1_37' title='bbox 337 1054 413 1118; x_wconf 89' lang='lat' dir='ltr'><strong>tium</strong></span> <span class='ocrx_word' id='word_1_38' title='bbox 436 1055 518 1118; x_wconf 91' lang='lat' dir='ltr'><strong>intra</strong></span> <span class='ocrx_word' id='word_1_39' title='bbox 541 1055 623 1118; x_wconf 89' lang='lat' dir='ltr'><strong>duos</strong></span> <span class='ocrx_word' id='word_1_40' title='bbox 651 1055 815 1134; x_wconf 89' lang='lat' dir='ltr'><strong>proximos</strong></span> <span class='ocrx_word' id='word_1_41' title='bbox 839 1070 943 1118; x_wconf 93' lang='lat' dir='ltr'><strong>annos</strong></span> <span class='ocrx_word' id='word_1_42' title='bbox 967 1053 1137 1117; x_wconf 77' lang='lat' dir='ltr'><strong>restituere</strong></span> <span class='ocrx_word' id='word_1_43' title='bbox 1162 1055 1202 1117; x_wconf 92' lang='lat' dir='ltr'><strong>de</strong></span> <span class='ocrx_word' id='word_1_44' title='bbox 1225 1055 1371 1119; x_wconf 86' lang='lat' dir='ltr'><strong>tricentis</strong></span> <span class='ocrx_word' id='word_1_45' title='bbox 1393 1065 1423 1118; x_wconf 83' lang='lat' dir='ltr'><strong>et</strong></span> 
     </span>
     <span class='ocr_line' id='line_1_7' title="bbox 257 1152 1422 1235; baseline 0.007 -24"><span class='ocrx_word' id='word_1_46' title='bbox 257 1207 258 1211; x_wconf 73' lang='grc'>,</span> <span class='ocrx_word' id='word_1_47' title='bbox 334 1153 445 1235; x_wconf 82' lang='lat' dir='ltr'><strong>viginti</strong></span> <span class='ocrx_word' id='word_1_48' title='bbox 468 1155 608 1234; x_wconf 85' lang='lat' dir='ltr'><strong>quinque</strong></span> <span class='ocrx_word' id='word_1_49' title='bbox 632 1154 785 1234; x_wconf 82' lang='lat' dir='ltr'><strong>predictis</strong></span> <span class='ocrx_word' id='word_1_50' title='bbox 803 1156 960 1217; x_wconf 90' lang='lat' dir='ltr'><strong>ducentos</strong></span> <span class='ocrx_word' id='word_1_51' title='bbox 983 1169 1056 1216; x_wconf 93' lang='lat' dir='ltr'><strong>cum</strong></span> <span class='ocrx_word' id='word_1_52' title='bbox 1072 1152 1183 1233; x_wconf 83' lang='lat' dir='ltr'><strong>viginti</strong></span> <span class='ocrx_word' id='word_1_53' title='bbox 1206 1155 1348 1234; x_wconf 87' lang='lat' dir='ltr'><strong>quinque</strong></span> <span class='ocrx_word' id='word_1_54' title='bbox 1370 1171 1422 1219; x_wconf 91' lang='lat' dir='ltr'><strong>re-</strong></span> 
     </span>
     <span class='ocr_line' id='line_1_8' title="bbox 336 1251 1130 1332; baseline -0.003 -16"><span class='ocrx_word' id='word_1_55' title='bbox 336 1269 452 1317; x_wconf 89' lang='lat' dir='ltr'><strong>nenses</strong></span> <span class='ocrx_word' id='word_1_56' title='bbox 469 1253 585 1328; x_wconf 86' lang='lat' dir='ltr'><strong>Caroli,</strong></span> <span class='ocrx_word' id='word_1_57' title='bbox 603 1270 676 1317; x_wconf 88' lang='lat' dir='ltr'><strong>sese</strong></span> <span class='ocrx_word' id='word_1_58' title='bbox 692 1264 723 1317; x_wconf 84' lang='lat' dir='ltr'><strong>et</strong></span> <span class='ocrx_word' id='word_1_59' title='bbox 739 1269 796 1317; x_wconf 86' lang='lat' dir='ltr'><strong>sua</strong></span> <span class='ocrx_word' id='word_1_60' title='bbox 812 1253 851 1315; x_wconf 90' lang='lat' dir='ltr'><strong>ad</strong></span> <span class='ocrx_word' id='word_1_61' title='bbox 869 1253 931 1316; x_wconf 93' lang='lat' dir='ltr'><strong>boc</strong></span> <span class='ocrx_word' id='word_1_62' title='bbox 947 1251 1130 1332; x_wconf 84' lang='lat' dir='ltr'><strong>obligando.</strong></span> 
     </span>
    </p>

    <p class='ocr_par' dir='ltr' id='par_1_3' title="bbox 288 1351 1420 4302">
     <span class='ocr_line' id='line_1_9' title="bbox 374 1351 1419 1433; baseline 0.004 -20"><span class='ocrx_word' id='word_1_63' title='bbox 374 1352 451 1416; x_wconf 91' lang='lat' dir='ltr'><strong>ltem</strong></span> <span class='ocrx_word' id='word_1_64' title='bbox 468 1353 552 1433; x_wconf 87' lang='lat' dir='ltr'><strong>quod</strong></span> <span class='ocrx_word' id='word_1_65' title='bbox 578 1367 634 1428; x_wconf 92' lang='lat' dir='ltr'><strong>pro</strong></span> <span class='ocrx_word' id='word_1_66' title='bbox 651 1367 859 1430; x_wconf 87' lang='lat' dir='ltr'><strong>recompensa</strong></span> <span class='ocrx_word' id='word_1_67' title='bbox 884 1361 915 1415; x_wconf 90' lang='lat' dir='ltr'><strong>et</strong></span> <span class='ocrx_word' id='word_1_68' title='bbox 931 1351 961 1412; x_wconf 92' lang='lat' dir='ltr'><strong>in</strong></span> <span class='ocrx_word' id='word_1_69' title='bbox 980 1351 1269 1414; x_wconf 80' lang='lat' dir='ltr'><strong>remunerationem</strong></span> <span class='ocrx_word' id='word_1_70' title='bbox 1294 1352 1419 1431; x_wconf 89' lang='lat' dir='ltr'><strong>predic-</strong></span> 
     </span>
     <span class='ocr_line' id='line_1_10' title="bbox 334 1448 1420 1530; baseline 0.001 -17"><span class='ocrx_word' id='word_1_71' title='bbox 334 1460 437 1514; x_wconf 94' lang='lat' dir='ltr'><strong>torum</strong></span> <span class='ocrx_word' id='word_1_72' title='bbox 455 1460 669 1514; x_wconf 89' lang='lat' dir='ltr'><strong>trecentorum</strong></span> <span class='ocrx_word' id='word_1_73' title='bbox 686 1461 718 1513; x_wconf 91' lang='lat' dir='ltr'><strong>et</strong></span> <span class='ocrx_word' id='word_1_74' title='bbox 733 1450 844 1529; x_wconf 82' lang='lat' dir='ltr'><strong>viginti</strong></span> <span class='ocrx_word' id='word_1_75' title='bbox 860 1450 1000 1530; x_wconf 85' lang='lat' dir='ltr'><strong>quinque</strong></span> <span class='ocrx_word' id='word_1_76' title='bbox 1016 1448 1212 1512; x_wconf 89' lang='lat' dir='ltr'><strong>florenorum</strong></span> <span class='ocrx_word' id='word_1_77' title='bbox 1229 1449 1346 1525; x_wconf 72' lang='lat' dir='ltr'><strong>caroli,</strong></span> <span class='ocrx_word' id='word_1_78' title='bbox 1364 1449 1420 1515; x_wconf 92' lang='lat' dir='ltr'><strong>do-</strong></span> 
     </span>
     <span class='ocr_line' id='line_1_11' title="bbox 335 1547 1419 1630; baseline 0.004 -20"><span class='ocrx_word' id='word_1_79' title='bbox 335 1549 420 1612; x_wconf 91' lang='lat' dir='ltr'><strong>mino</strong></span> <span class='ocrx_word' id='word_1_80' title='bbox 436 1551 543 1613; x_wconf 89' lang='lat' dir='ltr'><strong>futuro</strong></span> <span class='ocrx_word' id='word_1_81' title='bbox 559 1549 680 1630; x_wconf 80' lang='lat' dir='ltr'><strong>regenti</strong></span> <span class='ocrx_word' id='word_1_82' title='bbox 699 1567 755 1628; x_wconf 92' lang='lat' dir='ltr'><strong>per</strong></span> <span class='ocrx_word' id='word_1_83' title='bbox 767 1549 948 1613; x_wconf 88' lang='lat' dir='ltr'><strong>facultatem</strong></span> <span class='ocrx_word' id='word_1_84' title='bbox 965 1548 1155 1622; x_wconf 89' lang='lat' dir='ltr'><strong>dandorum,</strong></span> <span class='ocrx_word' id='word_1_85' title='bbox 1170 1547 1253 1612; x_wconf 89' lang='lat' dir='ltr'><strong>idem</strong></span> <span class='ocrx_word' id='word_1_86' title='bbox 1269 1548 1419 1614; x_wconf 88' lang='lat' dir='ltr'><strong>dominus</strong></span> 
     </span>
     <span class='ocr_line' id='line_1_12' title="bbox 335 1646 1418 1728; baseline 0.002 -18"><span class='ocrx_word' id='word_1_87' title='bbox 335 1663 450 1728; x_wconf 82' lang='lat' dir='ltr'><strong>regens</strong></span> <span class='ocrx_word' id='word_1_88' title='bbox 467 1649 498 1710; x_wconf 82' lang='lat' dir='ltr'><strong>ir.</strong></span> <span class='ocrx_word' id='word_1_89' title='bbox 512 1649 579 1728; x_wconf 88' lang='lat' dir='ltr'><strong>ipsa</strong></span> <span class='ocrx_word' id='word_1_90' title='bbox 597 1647 838 1712; x_wconf 84' lang='lat' dir='ltr'><strong>inlteredatione</strong></span> <span class='ocrx_word' id='word_1_91' title='bbox 852 1647 938 1710; x_wconf 93' lang='lat' dir='ltr'><strong>fundi</strong></span> <span class='ocrx_word' id='word_1_92' title='bbox 957 1663 1014 1726; x_wconf 93' lang='lat' dir='ltr'><strong>pro</strong></span> <span class='ocrx_word' id='word_1_93' title='bbox 1027 1646 1204 1727; x_wconf 82' lang='lat' dir='ltr'><strong>pedagogio</strong></span> <span class='ocrx_word' id='word_1_94' title='bbox 1222 1647 1418 1713; x_wconf 84' lang='lat' dir='ltr'><strong>instituendo</strong></span> 
     </span>
     <span class='ocr_line' id='line_1_13' title="bbox 333 1746 1418 1828; baseline 0 -16"><span class='ocrx_word' id='word_1_95' title='bbox 333 1747 470 1823; x_wconf 84' lang='lat' dir='ltr'><strong>emendi,</strong></span> <span class='ocrx_word' id='word_1_96' title='bbox 488 1746 634 1810; x_wconf 90' lang='lat' dir='ltr'><strong>eumdem</strong></span> <span class='ocrx_word' id='word_1_97' title='bbox 652 1747 782 1810; x_wconf 92' lang='lat' dir='ltr'><strong>fundum</strong></span> <span class='ocrx_word' id='word_1_98' title='bbox 807 1747 844 1809; x_wconf 91' lang='lat' dir='ltr'><strong>ad</strong></span> <span class='ocrx_word' id='word_1_99' title='bbox 863 1746 924 1809; x_wconf 88' lang='lat' dir='ltr'><strong>boo</strong></span> <span class='ocrx_word' id='word_1_100' title='bbox 940 1746 1111 1828; x_wconf 81' lang='lat' dir='ltr'><strong>obligando</strong></span> <span class='ocrx_word' id='word_1_101' title='bbox 1128 1755 1341 1826; x_wconf 83' lang='lat' dir='ltr'><strong>recognoscet</strong></span> <span class='ocrx_word' id='word_1_102' title='bbox 1361 1765 1418 1828; x_wconf 91' lang='lat' dir='ltr'><strong>pro</strong></span> 
     </span>
     <span class='ocr_line' id='line_1_14' title="bbox 332 1845 1416 1925; baseline -0.001 -16"><span class='ocrx_word' id='word_1_103' title='bbox 332 1861 368 1909; x_wconf 87' lang='lat' dir='ltr'><strong>se</strong></span> <span class='ocrx_word' id='word_1_104' title='bbox 384 1856 416 1909; x_wconf 92' lang='lat' dir='ltr'><strong>et</strong></span> <span class='ocrx_word' id='word_1_105' title='bbox 431 1847 499 1909; x_wconf 91' lang='lat' dir='ltr'><strong>suis</strong></span> <span class='ocrx_word' id='word_1_106' title='bbox 516 1846 687 1909; x_wconf 87' lang='lat' dir='ltr'><strong>beredibus</strong></span> <span class='ocrx_word' id='word_1_107' title='bbox 705 1846 868 1925; x_wconf 91' lang='lat' dir='ltr'><strong>perpetuis</strong></span> <span class='ocrx_word' id='word_1_108' title='bbox 885 1845 1001 1907; x_wconf 91' lang='lat' dir='ltr'><strong>futuris</strong></span> <span class='ocrx_word' id='word_1_109' title='bbox 1018 1845 1217 1924; x_wconf 87' lang='lat' dir='ltr'><strong>temporibus</strong></span> <span class='ocrx_word' id='word_1_110' title='bbox 1241 1845 1300 1924; x_wconf 86' lang='lat' dir='ltr'><strong>ipsi</strong></span> <span class='ocrx_word' id='word_1_111' title='bbox 1318 1846 1416 1910; x_wconf 88' lang='lat' dir='ltr'><strong>lacul-</strong></span> 
     </span>
     <span class='ocr_line' id='line_1_15' title="bbox 332 1943 1412 2024; baseline -0.003 -15"><span class='ocrx_word' id='word_1_112' title='bbox 332 1945 386 2009; x_wconf 90' lang='lat' dir='ltr'><strong>tati</strong></span> <span class='ocrx_word' id='word_1_113' title='bbox 403 1961 460 2023; x_wconf 90' lang='lat' dir='ltr'><strong>pre</strong></span> <span class='ocrx_word' id='word_1_114' title='bbox 471 1944 622 2008; x_wconf 91' lang='lat' dir='ltr'><strong>omnibns</strong></span> <span class='ocrx_word' id='word_1_115' title='bbox 638 1943 709 2007; x_wconf 90' lang='lat' dir='ltr'><strong>aliis</strong></span> <span class='ocrx_word' id='word_1_116' title='bbox 723 1944 776 2024; x_wconf 80' lang='lat' dir='ltr'><strong>J&#39;us</strong></span> <span class='ocrx_word' id='word_1_117' title='bbox 791 1943 1033 2023; x_wconf 85' lang='lat' dir='ltr'><strong>approximandi</strong></span> <span class='ocrx_word' id='word_1_118' title='bbox 1053 1944 1230 2023; x_wconf 84' lang='lat' dir='ltr'><strong>proaliquo</strong></span> <span class='ocrx_word' id='word_1_119' title='bbox 1247 1959 1304 2022; x_wconf 86' lang='lat' dir='ltr'><strong>per</strong></span> <span class='ocrx_word' id='word_1_120' title='bbox 1317 1945 1412 2008; x_wconf 79' lang='lat' dir='ltr'><strong>lacul-</strong></span> 
     </span>
     <span class='ocr_line' id='line_1_16' title="bbox 332 2043 1414 2124; baseline 0 -16"><span class='ocrx_word' id='word_1_121' title='bbox 332 2051 426 2108; x_wconf 89' lang='lat' dir='ltr'><strong>tatem</strong></span> <span class='ocrx_word' id='word_1_122' title='bbox 450 2044 656 2118; x_wconf 90' lang='lat' dir='ltr'><strong>nominando,</strong></span> <span class='ocrx_word' id='word_1_123' title='bbox 676 2044 776 2108; x_wconf 90' lang='lat' dir='ltr'><strong>tocies</strong></span> <span class='ocrx_word' id='word_1_124' title='bbox 796 2043 922 2124; x_wconf 89' lang='lat' dir='ltr'><strong>quoties</strong></span> <span class='ocrx_word' id='word_1_125' title='bbox 946 2043 1030 2106; x_wconf 89' lang='lat' dir='ltr'><strong>diota</strong></span> <span class='ocrx_word' id='word_1_126' title='bbox 1045 2043 1162 2106; x_wconf 93' lang='lat' dir='ltr'><strong>domus</strong></span> <span class='ocrx_word' id='word_1_127' title='bbox 1186 2059 1242 2122; x_wconf 89' lang='lat' dir='ltr'><strong>per</strong></span> <span class='ocrx_word' id='word_1_128' title='bbox 1257 2043 1414 2108; x_wconf 85' lang='lat' dir='ltr'><strong>venditio-</strong></span> 
     </span>
     <span class='ocr_line' id='line_1_17' title="bbox 288 2142 1412 2226; baseline 0.002 -22"><span class='ocrx_word' id='word_1_129' title='bbox 288 2213 293 2226; x_wconf 45' lang='lat'><strong>,</strong></span> <span class='ocrx_word' id='word_1_130' title='bbox 332 2159 416 2218; x_wconf 91' lang='lat' dir='ltr'><strong>nem,</strong></span> <span class='ocrx_word' id='word_1_131' title='bbox 440 2142 645 2207; x_wconf 87' lang='lat' dir='ltr'><strong>donationem</strong></span> <span class='ocrx_word' id='word_1_132' title='bbox 668 2152 722 2207; x_wconf 84' lang='lat' dir='ltr'><strong>aut</strong></span> <span class='ocrx_word' id='word_1_133' title='bbox 747 2143 1001 2217; x_wconf 89' lang='lat' dir='ltr'><strong>successionem,</strong></span> <span class='ocrx_word' id='word_1_134' title='bbox 1023 2159 1079 2206; x_wconf 90' lang='lat' dir='ltr'><strong>seu</strong></span> <span class='ocrx_word' id='word_1_135' title='bbox 1096 2142 1186 2216; x_wconf 90' lang='lat' dir='ltr'><strong>alias,</strong></span> <span class='ocrx_word' id='word_1_136' title='bbox 1205 2142 1412 2216; x_wconf 86' lang='lat' dir='ltr'><strong>alienabitur;</strong></span> 
     </span>
     <span class='ocr_line' id='line_1_18' title="bbox 330 2240 1413 2323; baseline 0 -20"><span class='ocrx_word' id='word_1_137' title='bbox 330 2241 372 2304; x_wconf 90' lang='lat' dir='ltr'><strong>ita</strong></span> <span class='ocrx_word' id='word_1_138' title='bbox 394 2243 478 2323; x_wconf 86' lang='lat' dir='ltr'><strong>quod</strong></span> <span class='ocrx_word' id='word_1_139' title='bbox 503 2241 661 2322; x_wconf 87' lang='lat' dir='ltr'><strong>ejusmodi</strong></span> <span class='ocrx_word' id='word_1_140' title='bbox 689 2259 745 2322; x_wconf 93' lang='lat' dir='ltr'><strong>per</strong></span> <span class='ocrx_word' id='word_1_141' title='bbox 767 2241 946 2306; x_wconf 88' lang='lat' dir='ltr'><strong>facultatem</strong></span> <span class='ocrx_word' id='word_1_142' title='bbox 971 2241 1154 2306; x_wconf 89' lang='lat' dir='ltr'><strong>nominatus</strong></span> <span class='ocrx_word' id='word_1_143' title='bbox 1180 2240 1242 2304; x_wconf 92' lang='lat' dir='ltr'><strong>sibi</strong></span> <span class='ocrx_word' id='word_1_144' title='bbox 1265 2241 1364 2314; x_wconf 89' lang='lat' dir='ltr'><strong>illam,</strong></span> <span class='ocrx_word' id='word_1_145' title='bbox 1386 2242 1413 2305; x_wconf 89' lang='lat' dir='ltr'><strong>si</strong></span> 
     </span>
     <span class='ocr_line' id='line_1_19' title="bbox 330 2339 1413 2422; baseline -0.002 -18"><span class='ocrx_word' id='word_1_146' title='bbox 330 2341 416 2418; x_wconf 90' lang='lat' dir='ltr'><strong>velit,</strong></span> <span class='ocrx_word' id='word_1_147' title='bbox 433 2341 568 2421; x_wconf 92' lang='lat' dir='ltr'><strong>accipiet</strong></span> <span class='ocrx_word' id='word_1_148' title='bbox 590 2359 628 2406; x_wconf 89' lang='lat' dir='ltr'><strong>eo</strong></span> <span class='ocrx_word' id='word_1_149' title='bbox 644 2341 765 2422; x_wconf 89' lang='lat' dir='ltr'><strong>precio,</strong></span> <span class='ocrx_word' id='word_1_150' title='bbox 782 2359 846 2422; x_wconf 86' lang='lat' dir='ltr'><strong>quo</strong></span> <span class='ocrx_word' id='word_1_151' title='bbox 870 2342 960 2406; x_wconf 90' lang='lat' dir='ltr'><strong>alteri</strong></span> <span class='ocrx_word' id='word_1_152' title='bbox 983 2342 1123 2405; x_wconf 89' lang='lat' dir='ltr'><strong>cederet.</strong></span> <span class='ocrx_word' id='word_1_153' title='bbox 1140 2339 1190 2412; x_wconf 85' lang='lat' dir='ltr'><strong>Et,</strong></span> <span class='ocrx_word' id='word_1_154' title='bbox 1208 2339 1236 2402; x_wconf 92' lang='lat' dir='ltr'><strong>si</strong></span> <span class='ocrx_word' id='word_1_155' title='bbox 1253 2339 1336 2404; x_wconf 90' lang='lat' dir='ltr'><strong>forte</strong></span> <span class='ocrx_word' id='word_1_156' title='bbox 1358 2357 1413 2419; x_wconf 88' lang='lat' dir='ltr'><strong>per</strong></span> 
     </span>
     <span class='ocr_line' id='line_1_20' title="bbox 326 2439 1411 2520; baseline 0.001 -18"><span class='ocrx_word' id='word_1_157' title='bbox 326 2440 466 2520; x_wconf 87' lang='lat' dir='ltr'><strong>legatum</strong></span> <span class='ocrx_word' id='word_1_158' title='bbox 481 2441 531 2504; x_wconf 88' lang='lat' dir='ltr'><strong>vel</strong></span> <span class='ocrx_word' id='word_1_159' title='bbox 547 2441 789 2506; x_wconf 89' lang='lat' dir='ltr'><strong>successionem</strong></span> <span class='ocrx_word' id='word_1_160' title='bbox 813 2440 908 2504; x_wconf 92' lang='lat' dir='ltr'><strong>alicui</strong></span> <span class='ocrx_word' id='word_1_161' title='bbox 924 2440 1065 2512; x_wconf 87' lang='lat' dir='ltr'><strong>cederet,</strong></span> <span class='ocrx_word' id='word_1_162' title='bbox 1082 2439 1167 2520; x_wconf 86' lang='lat' dir='ltr'><strong>quod</strong></span> <span class='ocrx_word' id='word_1_163' title='bbox 1188 2449 1263 2504; x_wconf 91' lang='lat' dir='ltr'><strong>tuuc</strong></span> <span class='ocrx_word' id='word_1_164' title='bbox 1288 2439 1411 2519; x_wconf 91' lang='lat' dir='ltr'><strong>predic·</strong></span> 
     </span>
     <span class='ocr_line' id='line_1_21' title="bbox 326 2538 1411 2620; baseline 0 -18"><span class='ocrx_word' id='word_1_165' title='bbox 326 2549 378 2602; x_wconf 92' lang='lat' dir='ltr'><strong>tus</strong></span> <span class='ocrx_word' id='word_1_166' title='bbox 391 2539 575 2604; x_wconf 89' lang='lat' dir='ltr'><strong>nominatus</strong></span> <span class='ocrx_word' id='word_1_167' title='bbox 587 2541 720 2604; x_wconf 87' lang='lat' dir='ltr'><strong>eandem</strong></span> <span class='ocrx_word' id='word_1_168' title='bbox 739 2541 854 2620; x_wconf 89' lang='lat' dir='ltr'><strong>poterit</strong></span> <span class='ocrx_word' id='word_1_169' title='bbox 867 2539 1034 2619; x_wconf 88' lang='lat' dir='ltr'><strong>suscipere</strong></span> <span class='ocrx_word' id='word_1_170' title='bbox 1050 2556 1108 2618; x_wconf 90' lang='lat' dir='ltr'><strong>pro</strong></span> <span class='ocrx_word' id='word_1_171' title='bbox 1121 2538 1230 2617; x_wconf 91' lang='lat' dir='ltr'><strong>precio</strong></span> <span class='ocrx_word' id='word_1_172' title='bbox 1243 2538 1411 2603; x_wconf 89' lang='lat' dir='ltr'><strong>statuendo</strong></span> 
     </span>
     <span class='ocr_line' id='line_1_22' title="bbox 325 2633 1407 2719; baseline 0.001 -18"><span class='ocrx_word' id='word_1_173' title='bbox 325 2637 393 2702; x_wconf 91' lang='lat' dir='ltr'><strong>sive</strong></span> <span class='ocrx_word' id='word_1_174' title='bbox 405 2637 599 2704; x_wconf 91' lang='lat' dir='ltr'><strong>declarando</strong></span> <span class='ocrx_word' id='word_1_175' title='bbox 617 2655 674 2718; x_wconf 91' lang='lat' dir='ltr'><strong>per</strong></span> <span class='ocrx_word' id='word_1_176' title='bbox 682 2639 808 2719; x_wconf 87' lang='lat' dir='ltr'><strong>juratos</strong></span> <span class='ocrx_word' id='word_1_177' title='bbox 821 2639 1017 2704; x_wconf 87' lang='lat' dir='ltr'><strong>architectos</strong></span> <span class='ocrx_word' id='word_1_178' title='bbox 1031 2633 1256 2703; x_wconf 80' lang='lat' dir='ltr'><strong>lovanienses.</strong></span> <span class='ocrx_word' id='word_1_179' title='bbox 1271 2637 1309 2701; x_wconf 79' lang='lat' dir='ltr'><strong>Et</strong></span> <span class='ocrx_word' id='word_1_180' title='bbox 1321 2654 1407 2713; x_wconf 90' lang='lat' dir='ltr'><strong>casu,</strong></span> 
     </span>
     <span class='ocr_line' id='line_1_23' title="bbox 324 2735 1411 2820; baseline -0.001 -19"><span class='ocrx_word' id='word_1_181' title='bbox 324 2755 387 2818; x_wconf 84' lang='lat' dir='ltr'><strong>quo</strong></span> <span class='ocrx_word' id='word_1_182' title='bbox 400 2737 535 2804; x_wconf 89' lang='lat' dir='ltr'><strong>facultas</strong></span> <span class='ocrx_word' id='word_1_183' title='bbox 551 2755 754 2820; x_wconf 82' lang='lat' dir='ltr'><strong>quocumque</strong></span> <span class='ocrx_word' id='word_1_184' title='bbox 770 2739 866 2803; x_wconf 86' lang='lat' dir='ltr'><strong>ruodo</strong></span> <span class='ocrx_word' id='word_1_185' title='bbox 879 2738 1088 2819; x_wconf 91' lang='lat' dir='ltr'><strong>impediretur</strong></span> <span class='ocrx_word' id='word_1_186' title='bbox 1103 2755 1121 2800; x_wconf 91' lang='lat' dir='ltr'><strong>a</strong></span> <span class='ocrx_word' id='word_1_187' title='bbox 1138 2746 1281 2818; x_wconf 88' lang='lat' dir='ltr'><strong>pretuoto</strong></span> <span class='ocrx_word' id='word_1_188' title='bbox 1294 2735 1366 2818; x_wconf 87' lang='lat' dir='ltr'><strong>jure</strong></span> <span class='ocrx_word' id='word_1_189' title='bbox 1380 2747 1411 2802; x_wconf 92' lang='lat' dir='ltr'><strong>et</strong></span> 
     </span>
     <span class='ocr_line' id='line_1_24' title="bbox 324 2837 1409 2919; baseline 0 -21"><span class='ocrx_word' id='word_1_190' title='bbox 324 2838 473 2902; x_wconf 82' lang='lat' dir='ltr'><strong>facultate</strong></span> <span class='ocrx_word' id='word_1_191' title='bbox 490 2839 733 2919; x_wconf 87' lang='lat' dir='ltr'><strong>approximaudi</strong></span> <span class='ocrx_word' id='word_1_192' title='bbox 757 2839 826 2902; x_wconf 92' lang='lat' dir='ltr'><strong>sive</strong></span> <span class='ocrx_word' id='word_1_193' title='bbox 841 2843 880 2902; x_wconf 90' lang='lat' dir='ltr'><strong>de</strong></span> <span class='ocrx_word' id='word_1_194' title='bbox 892 2837 966 2918; x_wconf 84' lang='lat' dir='ltr'><strong>jure</strong></span> <span class='ocrx_word' id='word_1_195' title='bbox 981 2838 1050 2901; x_wconf 91' lang='lat' dir='ltr'><strong>sire</strong></span> <span class='ocrx_word' id='word_1_196' title='bbox 1065 2837 1105 2900; x_wconf 92' lang='lat' dir='ltr'><strong>de</strong></span> <span class='ocrx_word' id='word_1_197' title='bbox 1122 2837 1218 2912; x_wconf 90' lang='lat' dir='ltr'><strong>facto,</strong></span> <span class='ocrx_word' id='word_1_198' title='bbox 1237 2853 1294 2917; x_wconf 92' lang='lat' dir='ltr'><strong>per</strong></span> <span class='ocrx_word' id='word_1_199' title='bbox 1309 2837 1409 2901; x_wconf 88' lang='lat' dir='ltr'><strong>domi-</strong></span> 
     </span>
     <span class='ocr_line' id='line_1_25' title="bbox 325 2935 1412 3018; baseline -0.002 -18"><span class='ocrx_word' id='word_1_200' title='bbox 325 2953 398 3001; x_wconf 94' lang='lat' dir='ltr'><strong>num</strong></span> <span class='ocrx_word' id='word_1_201' title='bbox 415 2947 578 3018; x_wconf 82' lang='lat' dir='ltr'><strong>regentem</strong></span> <span class='ocrx_word' id='word_1_202' title='bbox 602 2938 651 3001; x_wconf 91' lang='lat' dir='ltr'><strong>vel</strong></span> <span class='ocrx_word' id='word_1_203' title='bbox 667 2937 737 3018; x_wconf 89' lang='lat' dir='ltr'><strong>ejus</strong></span> <span class='ocrx_word' id='word_1_204' title='bbox 754 2951 964 3002; x_wconf 90' lang='lat' dir='ltr'><strong>successores</strong></span> <span class='ocrx_word' id='word_1_205' title='bbox 987 2935 1055 2999; x_wconf 84' lang='lat' dir='ltr'><strong>sive</strong></span> <span class='ocrx_word' id='word_1_206' title='bbox 1072 2935 1164 3010; x_wconf 89' lang='lat' dir='ltr'><strong>alias,</strong></span> <span class='ocrx_word' id='word_1_207' title='bbox 1180 2935 1231 2999; x_wconf 85' lang='lat' dir='ltr'><strong>rel</strong></span> <span class='ocrx_word' id='word_1_208' title='bbox 1247 2935 1273 2998; x_wconf 89' lang='lat' dir='ltr'><strong>si</strong></span> <span class='ocrx_word' id='word_1_209' title='bbox 1296 2936 1412 3000; x_wconf 87' lang='lat' dir='ltr'><strong>domus</strong></span> 
     </span>
     <span class='ocr_line' id='line_1_26' title="bbox 325 3033 1410 3117; baseline -0.002 -19"><span class='ocrx_word' id='word_1_210' title='bbox 325 3052 381 3114; x_wconf 88' lang='lat' dir='ltr'><strong>pro</strong></span> <span class='ocrx_word' id='word_1_211' title='bbox 398 3036 574 3117; x_wconf 80' lang='lat' dir='ltr'><strong>pedagogio</strong></span> <span class='ocrx_word' id='word_1_212' title='bbox 590 3037 724 3100; x_wconf 90' lang='lat' dir='ltr'><strong>emenda</strong></span> <span class='ocrx_word' id='word_1_213' title='bbox 740 3035 855 3099; x_wconf 91' lang='lat' dir='ltr'><strong>futuris</strong></span> <span class='ocrx_word' id='word_1_214' title='bbox 879 3035 1078 3116; x_wconf 91' lang='lat' dir='ltr'><strong>temporibus</strong></span> <span class='ocrx_word' id='word_1_215' title='bbox 1095 3034 1229 3099; x_wconf 78' lang='lat' dir='ltr'><strong>forsitan</strong></span> <span class='ocrx_word' id='word_1_216' title='bbox 1247 3033 1410 3098; x_wconf 88' lang='lat' dir='ltr'><strong>desineret</strong></span> 
     </span>
     <span class='ocr_line' id='line_1_27' title="bbox 322 3132 1407 3216; baseline -0.004 -18"><span class='ocrx_word' id='word_1_217' title='bbox 322 3150 396 3198; x_wconf 92' lang='lat' dir='ltr'><strong>esse</strong></span> <span class='ocrx_word' id='word_1_218' title='bbox 420 3135 643 3216; x_wconf 81' lang='lat' dir='ltr'><strong>pedagogium</strong></span> <span class='ocrx_word' id='word_1_219' title='bbox 665 3145 833 3216; x_wconf 91' lang='lat' dir='ltr'><strong>propterea</strong></span> <span class='ocrx_word' id='word_1_220' title='bbox 856 3135 941 3215; x_wconf 86' lang='lat' dir='ltr'><strong>quod</strong></span> <span class='ocrx_word' id='word_1_221' title='bbox 966 3149 1080 3214; x_wconf 75' lang='lat' dir='ltr'><strong>regens</strong></span> <span class='ocrx_word' id='word_1_222' title='bbox 1106 3149 1163 3214; x_wconf 91' lang='lat' dir='ltr'><strong>pro</strong></span> <span class='ocrx_word' id='word_1_223' title='bbox 1188 3141 1344 3212; x_wconf 88' lang='lat' dir='ltr'><strong>tempore,</strong></span> <span class='ocrx_word' id='word_1_224' title='bbox 1361 3132 1407 3196; x_wconf 90' lang='lat' dir='ltr'><strong>di-</strong></span> 
     </span>
     <span class='ocr_line' id='line_1_28' title="bbox 323 3231 1406 3314; baseline -0.004 -18"><span class='ocrx_word' id='word_1_225' title='bbox 323 3233 419 3298; x_wconf 91' lang='lat' dir='ltr'><strong>missa</strong></span> <span class='ocrx_word' id='word_1_226' title='bbox 448 3235 607 3314; x_wconf 82' lang='lat' dir='ltr'><strong>regentia,</strong></span> <span class='ocrx_word' id='word_1_227' title='bbox 639 3235 735 3298; x_wconf 91' lang='lat' dir='ltr'><strong>vellet</strong></span> <span class='ocrx_word' id='word_1_228' title='bbox 764 3250 834 3298; x_wconf 90' lang='lat' dir='ltr'><strong>eam</strong></span> <span class='ocrx_word' id='word_1_229' title='bbox 861 3233 983 3314; x_wconf 91' lang='lat' dir='ltr'><strong>privato</strong></span> <span class='ocrx_word' id='word_1_230' title='bbox 1012 3233 1144 3296; x_wconf 84' lang='lat' dir='ltr'><strong>sunuel</strong></span> <span class='ocrx_word' id='word_1_231' title='bbox 1171 3231 1305 3296; x_wconf 85' lang='lat' dir='ltr'><strong>alterius</strong></span> <span class='ocrx_word' id='word_1_232' title='bbox 1337 3231 1406 3296; x_wconf 92' lang='lat' dir='ltr'><strong>usui</strong></span> 
     </span>
     <span class='ocr_line' id='line_1_29' title="bbox 296 3330 1407 3413; baseline -0.003 -17"><span class='ocrx_word' id='word_1_233' title='bbox 296 3337 297 3340; x_wconf 76' lang='grc'>’</span> <span class='ocrx_word' id='word_1_234' title='bbox 320 3348 450 3396; x_wconf 84' lang='lat' dir='ltr'><strong>serrare</strong></span> <span class='ocrx_word' id='word_1_235' title='bbox 466 3349 523 3397; x_wconf 91' lang='lat' dir='ltr'><strong>seu</strong></span> <span class='ocrx_word' id='word_1_236' title='bbox 540 3333 718 3413; x_wconf 89' lang='lat' dir='ltr'><strong>applicare;</strong></span> <span class='ocrx_word' id='word_1_237' title='bbox 735 3341 800 3408; x_wconf 87' lang='lat' dir='ltr'><strong>aut,</strong></span> <span class='ocrx_word' id='word_1_238' title='bbox 820 3343 952 3413; x_wconf 85' lang='lat' dir='ltr'><strong>regente</strong></span> <span class='ocrx_word' id='word_1_239' title='bbox 967 3332 1131 3405; x_wconf 90' lang='lat' dir='ltr'><strong>defuncto,</strong></span> <span class='ocrx_word' id='word_1_240' title='bbox 1149 3331 1290 3395; x_wconf 87' lang='lat' dir='ltr'><strong>heredes</strong></span> <span class='ocrx_word' id='word_1_241' title='bbox 1305 3330 1407 3410; x_wconf 90' lang='lat' dir='ltr'><strong>ipsius</strong></span> 
     </span>
     <span class='ocr_line' id='line_1_30' title="bbox 319 3430 1403 3512; baseline -0.004 -16"><span class='ocrx_word' id='word_1_242' title='bbox 319 3431 464 3496; x_wconf 86' lang='lat' dir='ltr'><strong>camdem</strong></span> <span class='ocrx_word' id='word_1_243' title='bbox 479 3431 518 3494; x_wconf 93' lang='lat' dir='ltr'><strong>ad</strong></span> <span class='ocrx_word' id='word_1_244' title='bbox 534 3433 630 3496; x_wconf 90' lang='lat' dir='ltr'><strong>alium</strong></span> <span class='ocrx_word' id='word_1_245' title='bbox 654 3449 745 3496; x_wconf 91' lang='lat' dir='ltr'><strong>usum</strong></span> <span class='ocrx_word' id='word_1_246' title='bbox 763 3431 977 3512; x_wconf 89' lang='lat' dir='ltr'><strong>applicarent;</strong></span> <span class='ocrx_word' id='word_1_247' title='bbox 994 3430 1078 3511; x_wconf 86' lang='lat' dir='ltr'><strong>quod</strong></span> <span class='ocrx_word' id='word_1_248' title='bbox 1095 3431 1127 3492; x_wconf 92' lang='lat' dir='ltr'><strong>iu</strong></span> <span class='ocrx_word' id='word_1_249' title='bbox 1143 3430 1239 3494; x_wconf 89' lang='lat' dir='ltr'><strong>talem</strong></span> <span class='ocrx_word' id='word_1_250' title='bbox 1255 3441 1403 3494; x_wconf 88' lang='lat' dir='ltr'><strong>eventurn</strong></span> 
     </span>
     <span class='ocr_line' id='line_1_31' title="bbox 320 3528 1403 3608; baseline 0.001 -17"><span class='ocrx_word' id='word_1_251' title='bbox 320 3530 459 3593; x_wconf 81' lang='lat' dir='ltr'><strong>facultati</strong></span> <span class='ocrx_word' id='word_1_252' title='bbox 483 3530 520 3593; x_wconf 88' lang='lat' dir='ltr'><strong>ad</strong></span> <span class='ocrx_word' id='word_1_253' title='bbox 537 3531 644 3594; x_wconf 89' lang='lat' dir='ltr'><strong>statim</strong></span> <span class='ocrx_word' id='word_1_254' title='bbox 664 3531 787 3595; x_wconf 90' lang='lat' dir='ltr'><strong>restitui</strong></span> <span class='ocrx_word' id='word_1_255' title='bbox 811 3530 946 3594; x_wconf 89' lang='lat' dir='ltr'><strong>debeant</strong></span> <span class='ocrx_word' id='word_1_256' title='bbox 962 3546 979 3592; x_wconf 90' lang='lat' dir='ltr'><strong>a</strong></span> <span class='ocrx_word' id='word_1_257' title='bbox 997 3545 1189 3608; x_wconf 90' lang='lat' dir='ltr'><strong>possessore</strong></span> <span class='ocrx_word' id='word_1_258' title='bbox 1212 3529 1329 3592; x_wconf 91' lang='lat' dir='ltr'><strong>domus</strong></span> <span class='ocrx_word' id='word_1_259' title='bbox 1344 3528 1403 3592; x_wconf 94' lang='lat' dir='ltr'><strong>du-</strong></span> 
     </span>
     <span class='ocr_line' id='line_1_32' title="bbox 318 3627 1400 3710; baseline -0.001 -19"><span class='ocrx_word' id='word_1_260' title='bbox 318 3628 402 3691; x_wconf 92' lang='lat' dir='ltr'><strong>centi</strong></span> <span class='ocrx_word' id='word_1_261' title='bbox 414 3627 524 3708; x_wconf 82' lang='lat' dir='ltr'><strong>viginti</strong></span> <span class='ocrx_word' id='word_1_262' title='bbox 538 3632 679 3710; x_wconf 84' lang='lat' dir='ltr'><strong>quinque</strong></span> <span class='ocrx_word' id='word_1_263' title='bbox 691 3645 846 3694; x_wconf 88' lang='lat' dir='ltr'><strong>renenses</strong></span> <span class='ocrx_word' id='word_1_264' title='bbox 864 3627 1007 3708; x_wconf 81' lang='lat' dir='ltr'><strong>predicti,</strong></span> <span class='ocrx_word' id='word_1_265' title='bbox 1025 3638 1057 3691; x_wconf 90' lang='lat' dir='ltr'><strong>ut</strong></span> <span class='ocrx_word' id='word_1_266' title='bbox 1072 3627 1120 3691; x_wconf 90' lang='lat' dir='ltr'><strong>sic</strong></span> <span class='ocrx_word' id='word_1_267' title='bbox 1133 3627 1268 3691; x_wconf 83' lang='lat' dir='ltr'><strong>facultas</strong></span> <span class='ocrx_word' id='word_1_268' title='bbox 1283 3628 1400 3692; x_wconf 87' lang='lat' dir='ltr'><strong>certior</strong></span> 
     </span>
     <span class='ocr_line' id='line_1_33' title="bbox 318 3725 1402 3808; baseline 0.001 -19"><span class='ocrx_word' id='word_1_269' title='bbox 318 3743 391 3790; x_wconf 89' lang='lat' dir='ltr'><strong>esse</strong></span> <span class='ocrx_word' id='word_1_270' title='bbox 408 3727 511 3807; x_wconf 90' lang='lat' dir='ltr'><strong>possit</strong></span> <span class='ocrx_word' id='word_1_271' title='bbox 526 3728 566 3791; x_wconf 92' lang='lat' dir='ltr'><strong>de</strong></span> <span class='ocrx_word' id='word_1_272' title='bbox 583 3729 800 3808; x_wconf 87' lang='lat' dir='ltr'><strong>perpetuando</strong></span> <span class='ocrx_word' id='word_1_273' title='bbox 818 3726 1006 3808; x_wconf 81' lang='lat' dir='ltr'><strong>pedagogio.</strong></span> <span class='ocrx_word' id='word_1_274' title='bbox 1021 3725 1058 3789; x_wconf 84' lang='lat' dir='ltr'><strong>Et</strong></span> <span class='ocrx_word' id='word_1_275' title='bbox 1074 3726 1159 3806; x_wconf 84' lang='lat' dir='ltr'><strong>quod</strong></span> <span class='ocrx_word' id='word_1_276' title='bbox 1179 3726 1209 3788; x_wconf 92' lang='lat' dir='ltr'><strong>in</strong></span> <span class='ocrx_word' id='word_1_277' title='bbox 1227 3727 1297 3807; x_wconf 88' lang='lat' dir='ltr'><strong>ipsa</strong></span> <span class='ocrx_word' id='word_1_278' title='bbox 1314 3727 1402 3790; x_wconf 87' lang='lat' dir='ltr'><strong>iube-</strong></span> 
     </span>
     <span class='ocr_line' id='line_1_34' title="bbox 320 3824 1400 3906; baseline -0.002 -18"><span class='ocrx_word' id='word_1_279' title='bbox 320 3824 483 3890; x_wconf 90' lang='lat' dir='ltr'><strong>redatione</strong></span> <span class='ocrx_word' id='word_1_280' title='bbox 499 3827 593 3890; x_wconf 87' lang='lat' dir='ltr'><strong>istius</strong></span> <span class='ocrx_word' id='word_1_281' title='bbox 609 3826 696 3890; x_wconf 91' lang='lat' dir='ltr'><strong>fundi</strong></span> <span class='ocrx_word' id='word_1_282' title='bbox 713 3826 841 3889; x_wconf 89' lang='lat' dir='ltr'><strong>debebit</strong></span> <span class='ocrx_word' id='word_1_283' title='bbox 857 3825 974 3888; x_wconf 86' lang='lat' dir='ltr'><strong>fundus</strong></span> <span class='ocrx_word' id='word_1_284' title='bbox 992 3824 1086 3888; x_wconf 93' lang='lat' dir='ltr'><strong>modo</strong></span> <span class='ocrx_word' id='word_1_285' title='bbox 1109 3824 1252 3903; x_wconf 89' lang='lat' dir='ltr'><strong>predicto</strong></span> <span class='ocrx_word' id='word_1_286' title='bbox 1268 3824 1400 3906; x_wconf 84' lang='lat' dir='ltr'><strong>obligari</strong></span> 
     </span>
     <span class='ocr_line' id='line_1_35' title="bbox 319 3922 1399 4004; baseline -0.001 -19"><span class='ocrx_word' id='word_1_287' title='bbox 319 3923 459 3988; x_wconf 89' lang='lat' dir='ltr'><strong>facultati</strong></span> <span class='ocrx_word' id='word_1_288' title='bbox 483 3925 514 3987; x_wconf 93' lang='lat' dir='ltr'><strong>in</strong></span> <span class='ocrx_word' id='word_1_289' title='bbox 530 3925 609 4004; x_wconf 91' lang='lat' dir='ltr'><strong>ipsis</strong></span> <span class='ocrx_word' id='word_1_290' title='bbox 632 3925 733 3988; x_wconf 88' lang='lat' dir='ltr'><strong>literis</strong></span> <span class='ocrx_word' id='word_1_291' title='bbox 750 3924 1003 3989; x_wconf 85' lang='lat' dir='ltr'><strong>inheredationis</strong></span> <span class='ocrx_word' id='word_1_292' title='bbox 1026 3923 1064 3986; x_wconf 85' lang='lat' dir='ltr'><strong>ad</strong></span> <span class='ocrx_word' id='word_1_293' title='bbox 1083 3924 1238 4004; x_wconf 88' lang='lat' dir='ltr'><strong>predicta,</strong></span> <span class='ocrx_word' id='word_1_294' title='bbox 1257 3923 1300 3988; x_wconf 89' lang='lat' dir='ltr'><strong>lta</strong></span> <span class='ocrx_word' id='word_1_295' title='bbox 1319 3922 1399 4004; x_wconf 82' lang='lat' dir='ltr'><strong>quod</strong></span> 
     </span>
     <span class='ocr_line' id='line_1_36' title="bbox 319 4021 1398 4103; baseline 0 -20"><span class='ocrx_word' id='word_1_296' title='bbox 319 4021 452 4086; x_wconf 83' lang='lat' dir='ltr'><strong>facultas</strong></span> <span class='ocrx_word' id='word_1_297' title='bbox 474 4040 602 4103; x_wconf 87' lang='lat' dir='ltr'><strong>semper</strong></span> <span class='ocrx_word' id='word_1_298' title='bbox 624 4023 738 4087; x_wconf 90' lang='lat' dir='ltr'><strong>babeat</strong></span> <span class='ocrx_word' id='word_1_299' title='bbox 759 4023 917 4088; x_wconf 91' lang='lat' dir='ltr'><strong>actionem</strong></span> <span class='ocrx_word' id='word_1_300' title='bbox 942 4023 1059 4087; x_wconf 86' lang='lat' dir='ltr'><strong>realem</strong></span> <span class='ocrx_word' id='word_1_301' title='bbox 1081 4023 1120 4085; x_wconf 89' lang='lat' dir='ltr'><strong>ad</strong></span> <span class='ocrx_word' id='word_1_302' title='bbox 1143 4022 1249 4103; x_wconf 88' lang='lat' dir='ltr'><strong>ipsum</strong></span> <span class='ocrx_word' id='word_1_303' title='bbox 1272 4021 1398 4087; x_wconf 91' lang='lat' dir='ltr'><strong>fundum</strong></span> 
     </span>
     <span class='ocr_line' id='line_1_37' title="bbox 318 4117 1400 4203; baseline -0.002 -19"><span class='ocrx_word' id='word_1_304' title='bbox 318 4135 391 4184; x_wconf 90' lang='lat' dir='ltr'><strong>curn</strong></span> <span class='ocrx_word' id='word_1_305' title='bbox 417 4123 486 4185; x_wconf 88' lang='lat' dir='ltr'><strong>suis</strong></span> <span class='ocrx_word' id='word_1_306' title='bbox 513 4121 714 4202; x_wconf 87' lang='lat' dir='ltr'><strong>pertinentiis</strong></span> <span class='ocrx_word' id='word_1_307' title='bbox 742 4122 917 4203; x_wconf 90' lang='lat' dir='ltr'><strong>recipiendi</strong></span> <span class='ocrx_word' id='word_1_308' title='bbox 943 4122 1024 4187; x_wconf 91' lang='lat' dir='ltr'><strong>istos</strong></span> <span class='ocrx_word' id='word_1_309' title='bbox 1050 4123 1208 4187; x_wconf 89' lang='lat' dir='ltr'><strong>ducentos</strong></span> <span class='ocrx_word' id='word_1_310' title='bbox 1235 4132 1267 4187; x_wconf 92' lang='lat' dir='ltr'><strong>et</strong></span> <span class='ocrx_word' id='word_1_311' title='bbox 1294 4117 1400 4202; x_wconf 78' lang='lat' dir='ltr'><strong>viginti</strong></span> 
     </span>
     <span class='ocr_line' id='line_1_38' title="bbox 318 4220 1084 4302; baseline 0.001 -21"><span class='ocrx_word' id='word_1_312' title='bbox 318 4220 458 4301; x_wconf 87' lang='lat' dir='ltr'><strong>quinque</strong></span> <span class='ocrx_word' id='word_1_313' title='bbox 475 4237 630 4298; x_wconf 83' lang='lat' dir='ltr'><strong>recenses</strong></span> <span class='ocrx_word' id='word_1_314' title='bbox 646 4221 677 4284; x_wconf 93' lang='lat' dir='ltr'><strong>in</strong></span> <span class='ocrx_word' id='word_1_315' title='bbox 693 4230 841 4286; x_wconf 90' lang='lat' dir='ltr'><strong>eventum</strong></span> <span class='ocrx_word' id='word_1_316' title='bbox 860 4222 1084 4302; x_wconf 88' lang='lat' dir='ltr'><strong>prescriptum.</strong></span> 
     </span>
    </p>
   </div>
   <div class='ocr_carea' id='block_1_3' title="bbox 0 0 1584 4952">
    <p class='ocr_par' dir='ltr' id='par_1_4' title="bbox 0 0 1584 4952">
     <span class='ocr_line' id='line_1_39' title="bbox 0 0 1584 4952; baseline 0 4"><span class='ocrx_word' id='word_1_317' title='bbox 0 0 1584 4952; x_wconf 95' lang='lat' dir='ltr'><strong> </strong></span> 
     </span>
    </p>
   </div>
  </div>
 </body>
</html>
