3130 4956
637 483 822 547 -ial-

189 670 419 728 testamentum
448 671 673 742 presentarunt
708 663 860 746 predictis
896 663 1054 745 deputatis
1079 671 1267 728 executores

189 759 366 840 supradicti
383 761 536 842 regentis.
553 761 591 826 Et
606 763 677 844 quia
701 762 778 826 nihil
797 763 947 843 petebant
962 761 1047 826 aliud
1063 776 1156 842 quam
1172 769 1268 824 testa·

189 865 333 922 mentum
356 859 497 924 facultati
520 861 707 941 presentari,
732 871 842 941 postca
865 861 1051 926 conclusum
1069 869 1119 924 est
1134 876 1173 924 ex
1187 857 1268 923 deii-

188 956 412 1023 heratiouihus
427 959 641 1034 dominorum,
656 960 752 1041 quod,
770 961 797 1024 si
813 959 888 1042 quid
905 961 989 1026 aliud
1006 958 1140 1040 predicti
1155 973 1269 1024 execu-

188 1065 280 1120 tores
296 1066 453 1137 peterent,
471 1075 560 1122 suam
582 1059 765 1139 petitionem
781 1060 813 1122 in
829 1059 959 1140 scriptis
974 1059 1098 1124 darent.

232 1155 393 1230 Preterea,
420 1157 495 1219 dum
523 1157 583 1221 hec
603 1165 785 1238 agerentur,
808 1159 975 1238 proposuit
1000 1157 1152 1238 syndicus
1168 1152 1268 1218 facul·

187 1253 266 1316 tatis
293 1269 332 1317 ex
361 1253 491 1317 nomine
517 1253 675 1319 tenuitatis
705 1255 805 1336 prius,
837 1255 1012 1336 pedagogio
1037 1253 1181 1336 predicto
1203 1251 1268 1332 jam

188 1360 321 1416 carente
337 1359 479 1432 regente,
503 1353 763 1433 prospiciendum
786 1353 914 1419 esseda
930 1369 993 1418 uno
1008 1361 1139 1434 regente
1154 1368 1223 1426 seu,
1240 1351 1267 1415 si

188 1451 253 1514 hoc
268 1467 333 1514 non
355 1451 528 1526 videretur,
553 1451 592 1517 de
615 1468 690 1526 uno,
707 1452 760 1533 qui
783 1453 973 1516 authoritate
987 1451 1145 1516 facultatis
1158 1450 1269 1532 iuven·

189 1557 291 1612 tutem
304 1541 462 1622 coerceat,
482 1557 514 1613 et
534 1549 705 1630 magistros
720 1552 752 1612 in
769 1550 873 1615 officio
888 1550 1060 1624 contineat,
1076 1566 1115 1614 ne
1130 1549 1269 1629 pedago-

189 1646 279 1727 gium
302 1646 458 1711 deleatur.
484 1647 586 1727 super
601 1665 663 1729 quo
679 1649 825 1726 articulo,
842 1659 1008 1730 postquam
1025 1649 1181 1713 decanum
1197 1663 1269 1728 pre·

189 1743 276 1809 dicte
304 1745 475 1820 facultatis,
507 1756 578 1810 actu
610 1746 753 1827 eiusdem
783 1747 949 1828 pedagogii
985 1747 1209 1827 subrepentem
1238 1753 1270 1810 et

190 1843 399 1924 physicorum
415 1845 635 1925 principalem,
651 1846 875 1926 requisissent,
893 1856 926 1910 ut
948 1845 979 1909 id
1003 1844 1145 1909 muneris
1161 1843 1270 1907 subire

188 1940 502 2023 dignaretur,enque
515 1953 682 2008 recusante
694 1951 725 2008 et
742 1943 829 2008 nullo
843 1953 935 2024 pacto
950 1951 1115 2023 acceptare
1128 1941 1268 2016 volente,

189 2039 411 2104 deliberarunt
447 2041 568 2105 domini
597 2041 805 2106 conformiter
836 2041 960 2105 dandos
989 2057 1063 2105 esse
1088 2039 1185 2113 duos,
1215 2039 1269 2118 qui

188 2139 364 2220 magistros
387 2155 502 2203 omnes
525 2139 658 2219 predicti
681 2139 847 2221 pedagogil
871 2149 903 2204 et
924 2138 1100 2219 discipulos
1126 2135 1267 2210 audiant,

187 2253 366 2318 eorumque
378 2237 533 2318 judicium
549 2238 745 2319 perquirant,
766 2247 799 2302 ut
814 2238 898 2303 scire
913 2238 1049 2319 possint,
1067 2236 1213 2318 quisnam
1229 2235 1268 2299 ad

187 2335 222 2399 id
239 2335 382 2400 muueris
396 2335 598 2400 subcundum
614 2337 696 2400 inter
713 2337 882 2418 magistros
902 2337 943 2401 sit
958 2337 1105 2402 idoneus.
1122 2335 1170 2398 hd
1186 2350 1267 2414 quos

188 2433 367 2498 audiendos
393 2435 534 2516 deputati
561 2443 637 2500 sunt
663 2435 799 2500 eximius
825 2437 872 2500 vir
899 2436 1047 2501 domiuus
1070 2443 1100 2499 et
1119 2433 1269 2514 magister

187 2542 312 2610 noster,
343 2533 495 2614 magister
523 2534 637 2598 Petrus
667 2533 806 2611 Curtius,
836 2545 945 2615 pastor
978 2534 1078 2599 sancti
1111 2532 1207 2606 Petri,
1239 2537 1270 2594 et

187 2631 429 2697 eruditissimus
454 2632 503 2696 vir
531 2631 679 2697 dominus
705 2641 737 2698 et
766 2634 918 2714 magister
945 2633 1094 2698 Nicolaus
1124 2632 1225 2694 Leuce
1250 2642 1266 2690 a

187 2727 346 2805 Fraxinis,
363 2745 456 2795 sacre
468 2731 627 2810 theologie
649 2731 841 2796 licentiatus.
860 2732 897 2796 Et
920 2733 968 2797 sic
986 2733 1018 2794 in
1035 2729 1177 2812 predicto
1193 2726 1268 2790 arti·

186 2829 262 2892 culo
277 2816 467 2893 conclusum
481 2837 543 2893 est.
566 2829 683 2905 rheni,
700 2829 780 2905 Vlli,
798 2830 852 2894 iol.
871 2831 929 2894 ici
946 2839 974 2894 r⁰
988 2840 1019 2894 et
1033 2840 1078 2891 v⁰.

230 3025 348 3088 Eodem
371 3025 431 3098 die,
459 3024 544 3088 circa
568 3025 679 3088 horam
699 3025 841 3107 quintam
868 3025 1129 3106 pomeridianam,
1148 3021 1267 3085 indicta

186 3129 239 3187 est
254 3124 460 3205 congregatio
475 3123 634 3188 facultatis
658 3124 689 3186 in
712 3124 834 3189 scholis
849 3126 975 3201 artium,
993 3140 1092 3204 super
1106 3119 1267 3201 sequeuti-

185 3219 249 3284 hus
264 3222 421 3286 articulis.
431 3221 615 3296 Primus,ad
628 3223 820 3287 audiendum
834 3223 1019 3287 relationem
1032 3224 1265 3302 deputatorum,

184 3319 240 3398 qui
261 3320 433 3401 magistros
454 3319 622 3400 pedagogii
642 3320 713 3382 Lilii
729 3320 910 3398 audierunt,
928 3329 959 3385 et
974 3335 1085 3385 eorum
1097 3317 1264 3399 iudicium,

184 3417 334 3496 quisnam
360 3418 479 3498 dignus
506 3429 603 3494 esset,
634 3418 725 3483 utin
751 3429 913 3500 regentem
940 3418 1073 3499 predicti
1100 3413 1266 3497 pedagogii

182 3525 418 3590 assumeretur,
428 3515 705 3597 perquisiverunt;
723 3517 946 3592 secundus,ad
958 3515 1138 3598 eligendum
1150 3527 1267 3578 novum

183 3625 350 3696 regentem
367 3615 503 3694 predicti
520 3615 699 3696 pedagogii.

225 3711 385 3787 Quantum
402 3711 441 3775 ad
454 3711 785 3794 primum,oomparuit
802 3713 834 3777 in
851 3713 930 3778 facie
946 3712 1105 3778 facultatis
1117 3709 1265 3774 dominus

184 3821 217 3876 et
232 3811 386 3892 magister
408 3809 558 3874 Nicolaus
581 3810 620 3874 de
643 3812 742 3876 leuzo
765 3813 805 3876 dc
827 3812 982 3887 fraxinis,
999 3827 1091 3875 sacre
1107 3806 1265 3888 theologie

184 3908 473 3980 licentiatus,alter
488 3909 722 3986 deputatorum.
732 3908 791 3983 Qui
807 3910 884 3973 dixit
897 3927 932 3974 se
947 3909 1113 3990 accepisse
1124 3905 1265 3972 omnium

183 4007 414 4090 magistrorum
426 4005 556 4085 iudicio,
570 4022 587 4070 a
603 4009 738 4071 maximo
755 4025 855 4089 usque
870 4008 909 4071 ad
921 4005 1265 4080 minimum,dominum

184 4106 346 4170 decanum
369 4103 539 4178 facultatis,
557 4105 720 4168 domiuum
743 4116 774 4170 et
797 4107 982 4188 magistrum
1006 4105 1209 4168 franciscum
1225 4101 1265 4164 dc

183 4203 296 4278 Ocilia,
316 4217 393 4266 eum
408 4217 491 4279 esse,
509 4219 601 4283 quem
617 4203 700 4268 iuter
715 4215 841 4269 ceteros
856 4204 917 4268 sihi
933 4203 1042 4284 prefici
1057 4209 1210 4283 cuperent
