3232 4942
726 415 850 493 -7777
870 447 912 476 ,7

276 599 383 687 beuta,
407 623 521 674 novam
546 605 705 692 insignem
734 608 831 686 illam,
851 625 932 691 qooe
958 609 1062 678 adbuc
1088 617 1249 691 superest,
1272 605 1360 675 cirea

275 724 394 774 annom
406 708 485 772 7777
503 714 673 774 erexerunt
696 707 880 782 ecclesiam,
898 717 993 791 atque
1009 708 1192 774 monasterii
1212 707 1359 774 aedilicia

277 824 433 874 renovare
448 815 615 890 ceperunt.

318 905 463 972 Extincto
494 919 550 988 per
585 906 878 988 incorporationem
908 905 1189 974 Vliorbaoensibus
1219 905 1359 988 boppar-

275 1005 389 1072 dorum
414 1005 621 1079 monasterio,
643 1021 759 1070 novum
782 1005 1002 1087 bogardorom
1025 1005 1094 1072 sire
1119 1005 1360 1088 Beggardorom

275 1103 447 1186 collegium
476 1119 533 1168 seu
560 1103 768 1169 seminarium
795 1119 853 1185 pro
882 1104 933 1171 soi
960 1104 1084 1170 ordinis
1109 1104 1265 1170 studiosis
1288 1103 1360 1169 lun·

274 1203 391 1268 darunt
402 1203 547 1285 ejusdem
563 1201 688 1268 ordinis
702 1212 810 1284 potres
825 1203 956 1283 capituli
969 1203 1200 1286 zepperonsis;
1218 1202 1302 1285 qood
1319 1202 1361 1266 ab

274 1301 487 1368 Universitate
510 1301 686 1367 admissum
711 1300 770 1366 luit
793 1317 876 1367 anno
898 1301 990 1380 7677,
1007 1302 1060 1368 dio
1082 1301 1121 1366 77
1139 1301 1279 1384 augusti,
1297 1301 1359 1366 sub

274 1401 371 1466 cortis
394 1401 520 1483 legibus
546 1409 578 1466 et
600 1399 851 1476 conditionibus,
875 1416 955 1484 quas
985 1401 1081 1467 iidem
1107 1411 1215 1484 patres
1242 1417 1360 1483 appro-

274 1499 390 1566 barunt
405 1500 445 1563 77
457 1499 594 1582 januarii
612 1497 703 1562 7677.

315 1597 382 1663 7777
395 1598 564 1681 collegium
581 1597 684 1680 primo
699 1597 880 1664 institutum
897 1597 955 1663 luit
970 1597 1003 1662 in
1019 1597 1115 1666 domo
1137 1599 1274 1680 quadam
1290 1598 1359 1680 pri·

274 1705 356 1764 rota.
382 1697 439 1763 Die
460 1697 500 1760 29
511 1697 649 1780 januarii
672 1695 763 1770 7677,
779 1695 859 1762 dioti
882 1696 1037 1778 Begpardi
1061 1705 1207 1764 emerunt
1223 1697 1360 1764 lundom

273 1815 310 1879 op
321 1799 380 1860 777
391 1797 517 1878 777777
529 1794 739 1877 7777777777,
753 1811 772 1860 7
784 1795 917 1876 regione
929 1795 1060 1862 circiter
1071 1795 1174 1878 putei3
1187 1796 1220 1860 in
1234 1812 1299 1878 quo
1312 1796 1360 1860 io·

273 1895 414 1961 herodoti
442 1895 569 1960 luerunt
593 1909 701 1959 coram
729 1893 872 1960 scabinis
900 1895 1152 1962 bononiensibus
1182 1895 1221 1960 78
1248 1895 1358 1960 777777

274 1993 353 2058 7667
375 1994 417 2071 (in
441 1993 581 2060 secunda
604 2007 743 2070 777777,
766 1993 839 2060 vido
860 1993 958 2060 77777
980 1995 1020 2060 77
1041 1994 1126 2060 7777
1150 1994 1189 2058 lo
1205 1993 1358 2062 lebroarii

274 2092 365 2170 7677,
382 2107 491 2158 coram
508 2092 632 2157 notario
647 2089 811 2170 Boissont.

318 2191 353 2256 ili
378 2191 532 2275 Brpgordi
555 2191 697 2256 studium
722 2192 981 2274 pbilosopbicum
1004 2193 1161 2260 bruxellis
1186 2193 1359 2269 trabebant.

275 2293 350 2376 quin
377 2302 409 2358 et
434 2291 649 2374 theologicum
675 2291 882 2372 ltntverpioe;
911 2292 997 2374 quod
1023 2293 1185 2375 posterius
1210 2291 1359 2373 pluribus

268 2393 362 2458 annis
398 2392 481 2456 rexit
517 2400 606 2472 poter
642 2389 795 2471 aegidius
834 2390 1004 2466 Gabrielis,
1036 2391 1274 2467 Hemonensis,
1306 2392 1356 2456 rir

270 2491 387 2557 summi
404 2490 535 2575 ingenit,
554 2491 608 2573 qui
624 2499 656 2557 et
671 2491 833 2572 qnondam
849 2490 1087 2573 philosophiam
1110 2492 1143 2555 in
1160 2491 1358 2574 paedagogio

270 2590 437 2664 porcensi,
461 2598 632 2673 antequam
657 2590 760 2656 sancti
785 2589 947 2658 dronoisoi
976 2591 1118 2673 regulum
1141 2589 1360 2672 profiteretur,

268 2690 377 2754 docuit
399 2689 482 2768 (vide
504 2688 587 2754 inter
611 2687 817 2770 professores
833 2687 1028 2767 Porconses,
1046 2700 1082 2753 77ο
1097 2689 1179 2770 7777).
1196 2687 1272 2754 Erat
1292 2688 1360 2766 bic,

269 2803 379 2855 mense
408 2786 491 2853 maio
514 2786 606 2864 7667,
634 2786 764 2869 capituli
788 2787 941 2854 celebrati
968 2788 1128 2854 dominica
1152 2797 1264 2871 quarta
1283 2799 1359 2868 pust

269 2887 387 2970 pasoba
403 2901 534 2968 praeses
551 2902 606 2952 seu
623 2886 763 2954 vicarius
778 2887 937 2970 7777777777
957 2903 974 2952 7
991 2887 1091 2955 totius
1107 2887 1232 2953 ordinis
1247 2885 1357 2968 priore

270 2985 411 3070 generali
427 2985 635 3052 constitutus.

310 3085 368 3150 ilic
396 3083 549 3167 Aegidios
578 3083 747 3164 Gabrielis,
775 3085 941 3167 presbyter
970 3093 1003 3151 77
1031 3099 1143 3152 saetae
1164 3085 1356 3168 tboolopioe

270 3183 500 3250 baccalaureus
512 3182 885 3259 lormatus,sollicitobat
895 3184 1038 3251 bobitom
1052 3185 1291 3269 boppardorum
1303 3185 1359 3251 dio

268 3283 309 3350 76
328 3282 411 3368 junii
440 3281 533 3360 7664,
561 3283 692 3365 quando
718 3299 833 3350 omnes
861 3293 1055 3352 conuentus.
1069 3285 1256 3368 procinctae
1284 3284 1357 3368 elus

269 3384 372 3462 matri,
386 3383 589 3450 lllisubotbao
603 3382 647 3449 bo
668 3383 790 3462 77777,
806 3383 1004 3467 conjunctim
1028 3385 1254 3469 promittebant
1272 3385 1356 3451 redi-

270 3493 336 3552 tum
361 3500 502 3552 annuum
528 3482 568 3550 ad
593 3482 775 3550 vitam-28⁰
801 3483 999 3553 llorenorum
1021 3490 1139 3565 777777
1162 3486 1289 3552 notario
1311 3486 1356 3552 bo

270 3582 390 3664 777777).

309 3681 432 3766 aegidii
469 3681 627 3751 debrielis
659 3682 743 3751 ritas
778 3685 896 3750 seriem
925 3687 963 3752 'et
997 3685 1116 3767 ingenii
1148 3694 1356 3750 monumenta

268 3781 501 3864 descripsimus
515 3783 550 3848 in
564 3783 751 3865 Biopropblc
765 3783 929 3860 notmannis,
946 3784 1011 3861 vll,
1028 3784 1091 3850 ool.
1108 3781 1262 3847 767776.

309 3880 358 3946 tto
372 3879 470 3948 linem
489 3893 642 3965 vergente
661 3883 794 3951 saeculo
813 3883 940 3950 decimo
963 3883 1113 3966 septimo,
1131 3881 1358 3949 deficientibus

268 3978 445 4064 religiosis,
461 3980 637 4048 extinctum
653 3993 704 4050 est
720 3982 782 4050 boo
797 3982 1017 4066 llopardorom
1032 3981 1215 4066 collegium.

312 4081 358 4146 lto
373 4081 767 4165 oonrootultogardorom
777 4084 849 4154 sire
859 4083 1099 4165 boppardorum
1111 4081 1177 4165 opit
1189 4082 1257 4147 Van
1269 4079 1360 4150 Ereu

269 4179 302 4244 in
316 4180 456 4246 Louooin
469 4183 690 4258 7777777777,
708 4181 831 4264 pilli.
