3130 4956
752 446 936 512 ..190-

302 631 407 704 solvit,
424 629 547 695 ratione
567 638 600 695 et
621 645 660 694 ex
681 643 775 693 causa
796 627 890 710 juris,
907 629 992 709 quod
1007 628 1157 710 magister
1174 639 1286 696 noster
1301 633 1379 696 cur-

300 730 364 794 tius
380 731 418 807 ll)
432 728 568 793 antebac
583 728 773 811 pretendere
787 727 933 793 voluerat
948 727 981 789 in
997 727 1082 792 dicto
1097 729 1285 811 pedagogio,
1303 731 1378 795 retl-

299 827 401 892 ditum
425 843 564 892 annuum
586 825 793 907 quadraginta
820 824 1013 890 florenorum
1039 824 1258 891 rhenensium.
1276 827 1378 903 Quem

299 925 436 990 reditum
453 924 555 990 eidem
573 923 726 1004 magistro
749 930 860 988 nostro
875 923 982 987 Curtio
998 923 1258 990 ermenterianus
1282 926 1378 990 solvit

299 1023 339 1088 ab
365 1039 449 1088 anno
471 1025 521 1086 nv⁰
541 1022 636 1102 xxxj;
665 1022 771 1102 itaque
796 1031 830 1086 ut
855 1021 1019 1086 minimum
1043 1021 1154 1103 viginti
1182 1025 1287 1088 annis.
1312 1025 1375 1090 Pro

299 1122 415 1203 quibus
430 1121 535 1186 diotu's
550 1121 810 1186 armenterlanus
833 1120 884 1185 bic
905 1121 994 1200 ponit
1015 1121 1217 1202 octingentos
1234 1122 1375 1189 florenos

298 1221 476 1286 rhenenses
493 1220 603 1284 semel.

338 1320 428 1394 item,
442 1319 525 1400 quod
540 1327 647 1399 preter
658 1333 693 1381 ea
711 1317 815 1381 omnia
830 1317 1090 1383 armenterianns
1106 1317 1209 1383 adbuc
1224 1319 1374 1398 exposuit

296 1418 440 1482 diversas
456 1417 589 1498 pecunie
613 1431 754 1480 summas
776 1416 808 1478 in
831 1415 1062 1482 edificationem
1084 1425 1174 1495 porte
1190 1426 1222 1480 et
1237 1417 1373 1480 aliorum

297 1532 454 1584 uovorum
481 1514 678 1580 edificiorum
705 1513 780 1578 dicti
809 1514 986 1594 pedagogii.
1014 1516 1080 1588 Que
1107 1531 1218 1579 omnes
1248 1531 1374 1580 summe

296 1615 378 1680 bene
402 1614 580 1678 ascendunt
606 1622 636 1677 et
662 1613 713 1676 bic
739 1613 927 1676 estimantur
953 1629 1009 1693 per
1035 1613 1310 1678 armenterianuur
1333 1613 1371 1677 ad

298 1713 548 1795 quadringentos
564 1695 690 1776 similes'
700 1711 841 1776 florenos
857 1711 1033 1777 rhenenses
1051 1712 1161 1788 semel,
1175 1712 1263 1776 salvo
1276 1713 1372 1778 etiam

248 1811 251 1818 '
300 1812 393 1892 pluri.

339 1910 406 1986 Que
421 1925 532 1977 omnes
548 1909 756 1992 particulares
772 1925 894 1974 summe
909 1908 1083 1974 conficiunt
1101 1909 1194 1974 simul
1211 1925 1370 1974 summam

297 2007 353 2090 iijm
366 2007 562 2074 florenorum
578 2007 796 2072 rbenensium.

335 2159 435 2230 Quam
451 2156 580 2222 totalem
596 2171 750 2220 summam
764 2156 792 2220 si
804 2155 937 2220 facultas
948 2155 1187 2222 Armenteriano
1199 2156 1370 2222 restituere

295 2254 382 2330 velit,
410 2271 445 2318 ea
469 2254 636 2332 mediante,
661 2261 788 2333 paratus
816 2263 864 2318 est
889 2254 1004 2320 cedere
1029 2254 1114 2320 dicto
1137 2255 1313 2337 pedagogio
1329 2256 1369 2320 ad

295 2369 377 2433 opus
403 2361 433 2418 et
454 2351 617 2417 utilitatem
636 2352 720 2416 dicte
740 2351 909 2426 facultatis,
934 2352 1023 2418 salvo
1044 2361 1149 2417 tamen
1172 2354 1369 2434 quodetiam

295 2451 454 2516 indemnis
478 2457 633 2526 servetur,
658 2449 790 2532 eiusque
813 2450 948 2515 heredes
968 2467 1025 2532 pro
1043 2459 1186 2532 tempore
1208 2452 1326 2528 futuro,
1352 2471 1370 2516 a

295 2550 381 2616 dicto
397 2549 522 2615 redditu
541 2548 748 2630 quadraginta
765 2549 958 2616 florenorum
975 2549 1180 2616 rbenensium
1200 2549 1286 2615 dicto
1302 2567 1370 2614 ma·

294 2648 394 2730 gistau
412 2657 523 2714 nostro
538 2648 645 2712 Curtio
661 2648 853 2723 constituto;
1181 2637 1182 2649 ’

336 2747 427 2818 item.
445 2747 538 2811 etiem
555 2746 656 2821 salvo,
670 2745 755 2826 quod
770 2747 879 2810 eadem
902 2745 1035 2810 facultas
1057 2746 1167 2812 firmas
1182 2764 1255 2812 esse
1271 2748 1372 2828 patie-

294 2855 347 2910 tur
371 2855 403 2910 et
427 2845 551 2910 curabit
574 2861 687 2912 omnes
713 2844 914 2910 venditiones
937 2853 969 2909 et
991 2845 1167 2912 locationes
1184 2863 1238 2927 per
1261 2847 1369 2926 ipsum

294 2948 568 3014 ermenterianum
585 2945 684 3011 factas
701 2945 849 3026 usquein
865 2945 950 3010 hunc
965 2945 1061 3011 diem.

335 3094 401 3170 llel,
426 3093 451 3158 si
474 3093 562 3158 malit
576 3093 659 3158 dicta
675 3093 820 3166 facultas,
836 3093 907 3157 loco
923 3093 1132 3158 restitutionis
1147 3103 1179 3158 et
1193 3095 1369 3162 refusionis

294 3193 391 3258 totius
404 3200 543 3274 pretecte
556 3209 679 3256 summe
691 3191 783 3256 offert
793 3183 1170 3257 dictns'armonterlanns
1182 3193 1214 3256 in
1225 3195 1365 3260 favorem

294 3292 437 3373 eiusdem
450 3291 607 3355 facultatis
623 3291 707 3354 dicto
724 3289 898 3371 pedagogio
911 3291 1025 3355 cedere
1038 3289 1097 3355 sub
1109 3301 1140 3356 et
1154 3293 1367 3358 mediantibus

294 3389 532 3455 conditionibus
548 3389 755 3471 sequentibus
774 3409 781 3448 :

337 3487 454 3561 Primo,
471 3488 555 3567 quod
571 3487 655 3551 dicta
679 3488 811 3552 facultas
834 3486 1011 3551 numerabit
1025 3485 1266 3555 Armenteriano
1282 3505 1370 3554 sum·

295 3601 377 3648 mam
403 3585 489 3650 mille
511 3585 705 3651 florenorum
732 3584 936 3649 rhenensium
960 3587 1070 3660 semel,
1087 3587 1322 3668 sustinebitqne
1338 3597 1370 3652 et

294 3684 374 3748 leret
399 3700 458 3764 uro
486 3693 630 3765 tempore
659 3685 765 3748 futuro
794 3699 876 3747 onus
906 3683 981 3747 dicti
1010 3683 1131 3749 reditus
1160 3686 1368 3767 quadraginta

294 3782 489 3848 florenorum
512 3781 718 3847 rbenensium
742 3783 827 3846 dicto
845 3781 995 3863 magistro
1012 3791 1122 3847 nostro
1138 3781 1246 3848 Curtio
1262 3785 1368 3868 assig-

294 3880 371 3956 nati,
388 3890 420 3945 et
434 3881 474 3944 ab
490 3881 603 3946 eodem
619 3881 893 3945 Armenterianum
915 3879 1047 3962 ejusque
1061 3881 1197 3947 heredes
1213 3883 1371 3948 relevabit

294 3991 333 4042 ac
347 3977 514 4044 indemnes
529 3979 742 4044 conservabit.

335 4173 377 4242 (l)
399 4173 487 4232 Pistre
500 4173 622 4242 entim,
638 4172 696 4246 plus
708 4172 766 4231 iord
781 4175 892 4246 premier
905 4179 1002 4248 aveque
1021 4175 1053 4233 de
1070 4175 1183 4248 Bruges.
