3252 4954
707 435 828 498 -lat
855 470 894 483 -

245 643 248 648 Α
297 616 452 699 Quodque
467 616 569 699 gratia
586 617 805 684 instabilitatis
821 618 969 685 vitandae
984 626 1141 686 exeuntes
1164 617 1345 700 praedictas

248 717 370 782 domus
385 717 508 798 absque
524 716 667 794 licentia,
685 725 739 783 aut
761 726 878 784 statum
895 719 1093 784 dimittentes
1116 725 1189 784 ante
1205 727 1343 802 tempus,

249 831 318 896 quo
344 815 523 881 secundum
549 823 667 880 statuta
695 833 904 896 perseverare
929 817 1097 893 deberent,
1128 827 1262 898 possent
1287 835 1345 899 per

254 921 512 990 conservatores,
529 923 584 980 aut
600 914 788 996 magistrum
812 915 882 996 ejus
897 913 1026 989 domus,
1045 915 1086 980 de
1100 931 1162 997 qua
1186 916 1343 993 exierunt,

257 1030 313 1095 per
328 1029 480 1080 ceirsuras
496 1013 735 1080 ecclesiasticas
756 1015 936 1096 apostolica
952 1015 1142 1080 auctoritate
1164 1015 1204 1079 ad
1222 1031 1347 1097 regres-

256 1128 339 1190 sum,
356 1120 389 1180 et
403 1128 517 1180 omnes
532 1112 586 1176 alii
602 1114 641 1177 ad
664 1113 893 1191 obedientiam,
912 1113 1128 1196 appellatione
1153 1115 1345 1195 postposita,

256 1211 417 1291 compelli.
434 1211 472 1276 Et
494 1211 644 1278 similiter
659 1213 790 1279 inutiles
813 1223 844 1278 et
862 1213 1066 1288 iulruetuosi,
1085 1212 1192 1278 debite
1217 1213 1342 1292 moniti,

255 1309 367 1374 eadem
393 1310 583 1376 auctoritate
608 1311 737 1392 expelli,
755 1309 794 1378 ‘et
823 1313 961 1378 rebelles
988 1329 1025 1378 aa
1052 1311 1275 1378 inobedientes
1302 1313 1344 1377 ita

254 1407 398 1474 coerceri
420 1409 543 1492 absque
569 1411 705 1491 strepitu
726 1410 899 1492 iudiciario
927 1411 1185 1492 vulcanusque
1207 1411 1246 1475 ad
1271 1427 1343 1492 per-

254 1505 367 1572 lectam
396 1507 624 1584 obedientiam,
652 1518 683 1574 et
708 1509 758 1574 sui
787 1519 890 1575 status
920 1526 959 1575 ae
986 1517 1181 1575 statutorum
1208 1525 1343 1575 suorum

255 1605 526 1674 obseruationem.

296 1706 383 1779 Quae
400 1714 504 1771 tamen
517 1708 625 1772 omnia
637 1715 669 1773 et
681 1708 806 1790 singula
821 1707 1005 1788 praedictus
1018 1707 1171 1781 loannes,
1190 1706 1342 1790 quamdiu

255 1803 380 1878 vixerit,
400 1821 460 1870 uua
476 1822 549 1870 eum
566 1805 674 1887 priore
689 1807 905 1872 carthusiensi
926 1823 985 1887 pro
1001 1815 1146 1888 tempore
1170 1807 1343 1881 existente,

256 1901 423 1970 visitatore
452 1921 510 1970 scu
542 1905 710 1987 provisore
748 1905 923 1988 praedicto,
945 1905 995 1980 ,de
1032 1905 1170 1970 consilio
1208 1904 1342 1976 variare,

255 2001 390 2068 alterare
402 2012 434 2068 ct
450 2014 572 2070 mutare
585 2006 698 2086 possit,
714 2013 809 2086 prout
821 2021 877 2087 per
889 2004 1118 2085 experientiam
1133 2003 1170 2068 ad
1185 2003 1215 2068 id
1231 2019 1342 2068 neces·
1398 2003 1401 2010 “

252 2100 332 2165 sitas
343 2101 570 2183 comperietur,
585 2103 864 2170 nonobstantibus
880 2102 1137 2167 ordinationibus
1149 2101 1337 2183 apostolicis

252 2216 291 2265 ac
316 2199 466 2266 omnibus
492 2201 568 2278 illis,
598 2219 679 2284 quae
703 2201 865 2284 praelatus
890 2202 1041 2267 dominus
1069 2211 1180 2266 noster
1204 2217 1283 2282 papa
1311 2200 1343 2264 iu

255 2314 313 2363 sua
329 2299 543 2366 concessione
560 2301 660 2365 voluit
676 2317 739 2366 uon
756 2301 897 2365 obstare.

297 2396 449 2463 Volumus
478 2408 583 2463 autem
613 2407 645 2464 et
670 2399 860 2464 auctoritate
888 2399 1050 2479 praedicta
1080 2397 1284 2464 decernimus
1311 2407 1343 2462 et

254 2495 470 2573 declaramus,
487 2497 572 2579 quod
590 2498 800 2578 transumptis
816 2497 1033 2578 praesentium
1053 2497 1216 2561 literarum
1232 2512 1342 2561 eoram

256 2593 361 2676 aliqua
377 2595 560 2662 authentica
576 2612 717 2678 persona
732 2595 839 2670 lactis,
857 2605 889 2661 et
906 2595 1053 2660 manibus
1077 2604 1109 2658 et
1124 2595 1227 2676 signis
1252 2593 1347 2659 unius

257 2694 307 2760 uel
324 2694 462 2775 plurium
486 2694 683 2759 notariorum
700 2693 901 2776 publicorum
924 2692 1119 2773 subscriptis
1146 2692 1340 2774 obsignatis,

258 2792 332 2857 talis
347 2809 384 2857 ac
401 2802 487 2858 tanta
503 2792 584 2859 lidos
610 2792 779 2875 injudicio
795 2804 827 2857 et
847 2801 947 2868 extra,
965 2801 997 2858 et
1020 2791 1138 2884 ubique
1160 2791 1349 2858 adhibeatur

258 2891 290 2956 in
313 2893 463 2958 omuibus
479 2902 510 2959 et
533 2911 590 2975 per
616 2893 735 2968 omnia,
752 2909 789 2956 ao
805 2891 832 2957 si
857 2901 1044 2972 praesentes
1066 2891 1178 2956 literae
1201 2891 1340 2973 origina-

258 2991 408 3057 literetc.

298 3089 332 3153 lu
347 3105 484 3172 quorum
501 3089 595 3155 sudem
618 3099 804 3171 praesentes
820 3088 930 3154 literas
954 3087 1035 3162 llari,
1055 3087 1222 3168 nostrique
1246 3086 1343 3168 sigilli

253 3187 410 3268 jussimus
425 3188 623 3270 appensione
638 3187 845 3252 communiri.

298 3286 413 3353 aarum
441 3287 473 3351 in
502 3286 731 3368 Brupnswyelt.
764 3285 1019 3351 Hildesemensis
1051 3284 1224 3360 dioecesis
1256 3301 1340 3350 anno

258 3385 492 3451 incarnationis
508 3385 636 3452 Domini
653 3383 828 3450 millesimo
848 3383 1109 3466 quingentesimo
1132 3383 1277 3447 seeundo
1293 3384 1343 3461 tl),

257 3501 277 3547 x
292 3484 445 3550 kalendas
461 3481 576 3562 martii,
596 3483 800 3565 pontilicatus
824 3483 1033 3548 sacratissimi·
1046 3483 1076 3545 in
1092 3481 1221 3570 ¹(llaristo
1240 3481 1340 3563 patris

257 3589 289 3647 et
303 3583 424 3648 domiui
441 3582 543 3647 nostri
558 3581 679 3648 domini
695 3581 866 3646 Alexandri
891 3582 996 3646 divina
1014 3579 1218 3646 Providentia
1241 3596 1341 3661 papae

256 3681 337 3746 sexti
353 3697 438 3745 anuo
461 3681 642 3746 undecimo.

292 3862 329 3934 (l)
347 3863 419 3918 C'eai
438 3859 544 3918 l'enuca
571 3859 640 3916 1502
659 3859 752 3932 (meua
771 3861 862 3932 style),
883 3877 919 3914 ou
944 3861 1014 3915 1503
1034 3863 1169 3934 (noureau
1190 3859 1278 3932 style).
1303 3860 1345 3914 En

253 3953 329 4021 eliel,
356 3953 384 4008 la
406 3952 530 4008 onzidme
551 3950 639 4007 cnudo
668 3951 705 4005 du
735 3951 878 4022 pontificat
907 3949 1088 4006 d’lllexandre
1116 3951 1151 4005 Vl
1176 3950 1277 4006 s'eiend
1307 3950 1344 4002 du

260 4045 288 4098 ll
304 4048 371 4100 aaut
388 4043 457 4100 1502
470 4061 506 4098 au
523 4041 552 4098 lt
569 4047 634 4098 aaut
650 4041 730 4099 1503.
747 4043 786 4096 Le
805 4040 955 4097 adlevatur
974 4042 1008 4097 da
1024 4043 1049 4096 la
1070 4044 1194 4097 onzidme
1213 4039 1349 4097 enneade

256 4152 288 4189 ce
302 4135 445 4206 pontificat
458 4135 625 4205 correspoud
639 4133 710 4189 douc
722 4150 757 4187 au
772 4132 808 4186 20
821 4131 921 4188 ferrier-
938 4131 1016 4187 1503.

344 4244 392 4286 nt.v
1227 4222 1267 4283 3⁸2
