3284 4956
755 519 804 548 .-
830 475 891 553 180
913 517 954 535 -·

312 669 442 754 aliquod
469 669 554 737 aliud
578 667 631 754 jus
658 669 695 734 ad
723 669 845 737 dictum
877 667 1088 755 pedagogium
1112 665 1288 752 protendat,
1306 679 1402 749 qnam

312 771 396 855 quod
416 770 511 836 habet
528 787 566 836 ex
582 770 762 852 prescripto
779 779 983 836 testamento.

354 871 445 946 ltem,
455 869 538 952 quod
553 861 647 934 iidem
665 879 772 950 petant
786 869 817 932 in
831 865 1402 950 scriptisconditionesmediantibus

312 971 440 1053 quibus,
455 971 524 1050 ipse
539 969 690 1034 dominus
707 969 971 1034 armenterianus
987 967 1161 1050 predictam
1177 983 1267 1031 suant
1284 983 1401 1046 regen-

315 1070 388 1134 tiom
412 1077 500 1134 esset
524 1069 705 1150 prescripto
730 1069 800 1133 viro
824 1069 1058 1150 resignaturos.
1084 1067 1168 1143 Quos
1190 1079 1262 1130 oum
1278 1064 1402 1130 domici

314 1167 535 1250 cognoverint,
562 1168 755 1248 pollicentur
778 1167 881 1232 eidem
902 1184 1029 1232 omnem
1046 1183 1135 1231 suam
1152 1181 1294 1246 operam,
1313 1171 1346 1228 ut
1362 1181 1402 1229 err

313 1265 483 1331 commodo
500 1265 670 1331 ethonore
696 1274 760 1330 tam
787 1283 847 1331 suo
870 1283 964 1348 quam
989 1265 1156 1347 pedagogii
1182 1279 1220 1329 ac
1243 1261 1403 1328 facultatis

312 1365 383 1446 ipse
409 1364 560 1430 dominus
588 1365 852 1431 Armenteriaous
885 1365 925 1431 de
962 1365 1140 1446 pedagogio
1169 1379 1230 1429 suo
1256 1361 1403 1444 predicto

314 1463 488 1545 disponere
505 1463 619 1544 possit.

352 1563 452 1640 Quam
468 1563 715 1628 conclusionem
733 1563 933 1645 insequendo
949 1563 1096 1630 adierunt
1112 1560 1282 1644 prescripti
1298 1559 1404 1624 domi·

314 1679 375 1727 nus
401 1662 542 1728 decanus
571 1673 602 1728 ct
630 1662 775 1728 sindicus
803 1664 916 1729 eodem
941 1664 992 1729 die
1008 1663 1172 1728 dominum
1188 1661 1404 1726 armenteria·

314 1779 400 1827 num.
428 1763 711 1840 interrogaverunt
735 1763 885 1839 eundem,
904 1780 943 1828 an
966 1763 1035 1844 ipse
1051 1763 1178 1844 aliquod
1195 1761 1278 1826 aliud
1293 1761 1347 1842 jus
1362 1760 1404 1824 ad

313 1863 470 1942 prelatum
497 1879 590 1926 suum
620 1862 832 1944 pedagogium
871 1863 1085 1944 protenderet,
1127 1879 1219 1943 quam
1249 1861 1334 1942 quod
1365 1877 1405 1925 ex

312 1961 425 2026 eodem
454 1969 645 2026 testamento
672 1961 815 2027 haberet.
841 1962 886 2026 Ad
911 1962 996 2044 quod
1022 1962 1092 2043 ipse
1109 1960 1171 2026 illis
1188 1958 1405 2042 respondebat

311 2057 397 2124 istud
413 2076 475 2123 non
490 2059 651 2140 pertinere
663 2059 701 2122 ad
716 2076 805 2124 suam
821 2061 1019 2142 petitionem,
1033 2071 1064 2126 et
1079 2077 1115 2125 se
1128 2059 1232 2125 solum
1251 2057 1405 2139 petivisse

311 2175 328 2223 a
356 2157 507 2233 dominis,
536 2173 574 2220 an
602 2158 641 2222 ad
668 2153 844 2240 regentilm
871 2159 993 2222 admitti
1018 2169 1128 2241 posset
1154 2167 1207 2223 aut
1233 2157 1406 2222 admittere

313 2257 433 2321 vellent
458 2256 675 2339 coniugatum,
704 2259 822 2340 alioqui
851 2258 1013 2334 idoneum,
1043 2276 1142 2340 seque
1169 2258 1229 2323 sibi
1254 2272 1406 2322 asserere

317 2355 559 2438 paedagogium,
578 2365 608 2420 et
627 2356 680 2438 jus
698 2373 789 2421 suum
806 2366 917 2422 contra
940 2374 1161 2439 quoscumque
1182 2357 1404 2422 defensurum.

321 2454 430 2532 Quoad
461 2455 666 2521 conditiones
698 2473 783 2532 vero,
815 2457 930 2538 quibus
961 2457 1044 2521 idem
1075 2455 1283 2538 pedagogium
1314 2461 1406 2520 esset

320 2553 526 2630 dimissurus
560 2555 725 2636 respondit
755 2573 858 2638 neque
886 2557 916 2619 id
945 2558 1033 2638 ipsos
1058 2554 1208 2620 dominos
1234 2552 1405 2636 nequead

320 2653 499 2718 facultatem
515 2654 673 2733 pertinere
688 2654 726 2740 ¹id
745 2655 829 2721 scire
846 2665 876 2719 et
888 2655 1015 2719 illorum
1033 2670 1096 2719 nou
1112 2655 1287 2730 interesse;
1305 2667 1406 2734 quare

320 2750 350 2816 id
370 2768 432 2816 non
449 2752 545 2818 vellet
561 2752 715 2818 indicare.
732 2755 822 2830 dura,
837 2754 903 2831 Vll,
922 2771 953 2836 p.
970 2753 1030 2817 283
1046 2753 1154 2819 creet
1171 2765 1214 2816 νο.

362 2950 418 3013 liic
432 2949 514 3024 luite,
527 2968 604 3030 cao,
619 2954 732 3015 meracis
748 2953 819 3034 maji
836 2953 926 3027 laidi,
944 2953 1022 3016 liora
1039 2950 1174 3033 septima
1191 2951 1231 3016 de
1249 2967 1351 3026 mnne,
1371 2950 1404 3016 in

320 3049 418 3115 rubea
444 3066 571 3115 camera
598 3051 766 3116 convocati
791 3053 912 3117 domini
936 3051 1075 3136 deputati
1093 3061 1125 3116 et
1140 3051 1287 3117 seniores
1304 3051 1406 3116 lacul-

319 3150 392 3214 tatis
396 3196 459 3224 .....
478 3149 628 3214 dominus
645 3151 788 3216 decanus
804 3151 922 3228 retulit,
937 3151 1022 3233 quod
1039 3151 1188 3216 dominus
1204 3161 1234 3216 ct
1252 3151 1405 3232 magister

318 3250 457 3313 Jourrnes
473 3248 589 3314 Heems
611 3249 650 3313 ab
666 3250 879 3328 armenteria,
906 3251 1082 3316 medicinae
1100 3251 1214 3315 doctor
1234 3259 1265 3314 et
1287 3265 1405 3330 regens

319 3347 486 3430 pedagogii
519 3348 601 3425 uitii,
635 3357 784 3431 tanquam
813 3368 928 3432 regens
959 3350 1034 3414 dicti
1066 3348 1408 3431 padagogii,exl1iliuit

319 3445 488 3526 magnifico
501 3447 630 3510 domino
644 3448 761 3512 rectori
775 3459 806 3514 et
819 3449 959 3514 dominis
974 3447 1136 3530 deputatis
1152 3448 1293 3529 quinque
1308 3447 1408 3512 lacul-

319 3553 416 3608 tatum
435 3543 659 3611 Universitatis
682 3558 875 3629 computum¹
889 3549 984 3612 nnius
1002 3547 1088 3621 anni,
1106 3545 1287 3628 incipientis
1303 3546 1407 3626 prima

318 3643 430 3724 aprilis
446 3643 519 3706 anni
532 3645 604 3706 xv⁰l
621 3655 652 3708 et
669 3645 828 3710 terminati
841 3647 951 3711 eadem
969 3647 1020 3711 die
1036 3645 1146 3726 aprilis
1162 3645 1236 3708 anni
1253 3646 1345 3720 xvsti,
1364 3645 1407 3710 dc

319 3742 380 3822 piis
397 3741 634 3808 fundationibus
651 3761 709 3824 pro
726 3745 903 3827 pedagogio
919 3746 988 3808 uitii
1006 3745 1138 3822 rclictis3
1153 3754 1185 3810 et
1200 3745 1284 3827 quod
1300 3744 1405 3808 dorni-

319 3858 381 3905 nus
408 3851 515 3906 rector
540 3843 702 3907 concessit
732 3843 872 3909 lacultati
902 3845 1016 3910 artium
1049 3861 1143 3908 unam
1173 3844 1298 3925 copiam
1327 3843 1408 3908 dicti

318 3949 487 4021 computus
502 3948 535 4006 et
550 3942 675 4023 copiam
693 3945 896 4024 precedentis
913 3953 1082 4026 computus
1098 3943 1282 4008 earumdem
1296 3942 1411 4007 lunda-

319 4039 441 4103 tionum
457 4041 533 4106 dicti
550 4043 736 4124 pedagogii;
763 4053 795 4109 et
815 4043 941 4124 prefixit
956 4044 1060 4110 eidem
1078 4043 1218 4110 lacultati
1237 4043 1409 4109 terminum

318 4137 500 4219 quindecim
527 4141 651 4205 dierum
679 4142 718 4206 nd
745 4143 988 4208 examinandum
1013 4144 1133 4208 dictum
1159 4153 1357 4223 computum,
1376 4153 1410 4210 et

318 4237 472 4313 eidem,si
488 4239 644 4323 videatur,
658 4243 954 4324 contradicendum,
969 4244 1124 4328 tantisper
1140 4243 1216 4312 dicti
1232 4252 1406 4328 computus
