3130 4956
777 467 981 550 ›lti-

341 655 463 724 mensls
493 659 620 738 augusti
656 677 741 729 auno
777 662 899 728 Domini
931 679 982 745 xv,
1012 659 1278 748 quinquagesimo
1310 656 1426 742 primo.

342 757 432 832 born,
448 757 512 833 tlt,
531 759 586 824 lot.
603 759 663 826 373
679 761 789 828 r⁰-3'll
807 773 847 828 πθ.

384 957 443 1020 bie
457 960 574 1034 mortis,
589 976 646 1025 su·
659 963 774 1027 mensis
787 964 963 1046 septembris
977 962 1067 1038 idel,
1082 961 1158 1026 liora
1172 969 1283 1046 quarta
1300 976 1317 1024 a
1332 958 1430 1024 meri·

343 1053 407 1132 die,
434 1061 618 1126 cottvocatis
639 1061 807 1141 deputatis.
822 1061 994 1126 ordinariis
1016 1078 1089 1125 curn
1105 1060 1226 1141 aliquot
1242 1058 1429 1125 senioribus

342 1154 514 1232 facultatis,
532 1169 781 1240 comparuerunt
801 1160 831 1224 in
856 1161 953 1226 rubea
975 1176 1100 1224 camera
1124 1160 1239 1224 domus
1256 1157 1428 1231 lacultatis,

343 1255 380 1317 ad
413 1255 607 1322 audiendum
634 1258 820 1324 relationem
850 1258 970 1324 domini
999 1257 1122 1339 syndici
1149 1256 1310 1322 iacultatis
1333 1271 1432 1335 super

345 1355 560 1433 responsione
577 1357 809 1424 Armenteriani
827 1360 909 1436 iuxta
930 1357 1190 1422 commissionem
1206 1355 1339 1420 domino
1356 1371 1431 1435 syu-

347 1451 420 1518 dlco
444 1453 549 1519 datam
573 1473 630 1538 per
644 1457 813 1538 deputatos
833 1465 864 1523 et
878 1457 1025 1524 seniores
1042 1455 1199 1522 tacultatis
1218 1453 1270 1519 die
1293 1452 1429 1528 sabbati,

349 1551 561 1634 smyrnensis
577 1556 702 1638 augusti
726 1557 847 1623 ultime.
875 1557 933 1632 Qui
960 1555 1087 1638 quidem
1104 1552 1255 1619 dominus
1278 1550 1432 1632 syndicus

308 1719 310 1722 ,
347 1651 601 1729 conclusionem,
618 1657 809 1721 sententiam
828 1657 897 1722 slve
918 1656 1118 1738 appostillam
1140 1653 1347 1719 dominorum
1364 1669 1432 1718 rec-

298 1771 303 1780 ·
346 1749 426 1815 toris
443 1761 472 1815 ct
495 1751 718 1833 deputatorum
740 1755 962 1821 Universltatis
983 1752 1227 1820 dementerlano
1243 1751 1429 1822 declararit,

346 1857 377 1914 et
392 1866 431 1912 an
448 1849 532 1914 illam
553 1851 634 1916 bene
650 1853 758 1932 sciret,
777 1855 995 1938 interrogarit,
1009 1863 1040 1920 et
1057 1869 1097 1918 an
1121 1853 1189 1934 ipse
1203 1851 1356 1917 dominus
1372 1851 1430 1914 br-

347 1948 562 2014 menterlanus
589 1952 619 2014 in
644 1951 705 2018 boc
721 1953 816 2018 vellet
843 1954 1029 2036 persistere,
1048 1950 1173 2017 scilicet
1198 1966 1234 2016 se
1257 1966 1332 2015 esse
1356 1966 1431 2030 pru-

348 2047 531 2128 prietarium
554 2050 639 2116 dicte
665 2053 780 2118 donnus
809 2053 1038 2136 pedagogialis‚
1060 2068 1099 2116 an
1126 2067 1208 2125 non;
1234 2066 1359 2114 necnon
1377 2065 1434 2130 per

349 2146 531 2228 hujusmodl
559 2149 765 2216 omissionem
788 2151 818 2216 in
843 2152 953 2217 ultimo
979 2157 1129 2232 computu
1153 2165 1213 2213 suo
1232 2147 1434 2214 renuntiaret

348 2246 531 2328 proprietati
549 2249 633 2315 dicte
648 2250 829 2316 domusbd
848 2269 910 2333 que
922 2249 1184 2316 armenterianus
1196 2265 1232 2314 se
1250 2264 1307 2330 per
1323 2245 1434 2328 hujus-

349 2346 434 2411 modi
456 2349 697 2416 ommissloncm
721 2368 783 2417 non
809 2351 946 2418 intendit
961 2353 1022 2430 laic)
1045 2347 1230 2415 renuntiare
1246 2345 1434 2429 proprietati

348 2445 433 2512 dicte
462 2447 589 2528 domus,
624 2451 680 2515 sed
712 2469 747 2516 se
778 2459 887 2518 tencre
917 2468 975 2533 pro
1006 2448 1217 2533 proprietario
1248 2455 1281 2512 et
1305 2462 1380 2512 esse
1403 2444 1434 2508 in

350 2547 560 2626 possessione
579 2549 711 2615 dominc
732 2551 866 2632 syndico
889 2549 1066 2633 respondit,
1089 2548 1132 2613 uti
1149 2546 1289 2612 dominis
1314 2541 1433 2610 retulit.

350 2644 571 2712 Declaratione
587 2665 644 2731 per
658 2649 821 2714 dominum
835 2649 1003 2733 syndicum
1020 2647 1170 2720 dominis,
1182 2653 1215 2710 ut
1227 2643 1434 2726 premittitur,

350 2743 443 2822 iacta,
461 2748 639 2826 comparuit
651 2749 917 2814 armenterianus
936 2747 1139 2822 stolonibus
1154 2744 1274 2809 auditis
1290 2751 1323 2808 et
1339 2742 1436 2808 intel-

349 2843 452 2920 lectis,
481 2863 516 2910 sc
543 2855 652 2912 tenere
679 2865 737 2928 pro
767 2847 977 2929 proprietario
1003 2846 1088 2910 dicte
1113 2844 1229 2910 domus
1251 2850 1284 2908 et
1306 2857 1381 2906 esse
1402 2840 1436 2904 in
1548 2847 1549 2850 ’

350 2945 575 3024 possessione,
604 2947 871 3027 qucrnadmodum
903 2945 952 3011 sui
983 2959 1191 3026 precessores
1224 2941 1371 3016 luerunt,
1403 2940 1435 3002 in

349 3044 510 3124 presentia
532 3045 734 3110 dominorum
756 3045 947 3120 declaravlt;
973 3043 1199 3109 nichilominus
1226 3057 1262 3105 se
1290 3048 1435 3120 paratum

350 3158 423 3207 csse
445 3143 584 3208 dominis
600 3145 705 3209 omnia
728 3161 785 3210 sua
807 3145 1002 3210 munimenta
1023 3151 1054 3208 et
1077 3139 1343 3211 consultationes,
1363 3155 1438 3203 curn

350 3241 468 3322 quibus
483 3259 519 3308 se
531 3243 644 3324 juvare
656 3243 945 3321 vellet,ostenderc
958 3251 988 3308 et
1003 3240 1241 3307 communicare
1254 3237 1436 3318 respondit.

352 3341 429 3406 Post
453 3343 666 3408 retrusionem
689 3342 936 3418 ermenterieni,
954 3341 1061 3422 posuit
1078 3338 1229 3403 dominus
1245 3337 1389 3402 decanus
1404 3335 1439 3399 in

351 3439 637 3506 deliberationibus
663 3442 879 3518 dominorum,
906 3454 937 3506 et
963 3457 1001 3505 ex
1023 3437 1207 3504 eorumdem
1231 3435 1438 3500 dominorum

350 3537 636 3604 deliberationibus
650 3540 770 3606 domini
786 3540 1017 3605 commiserunt
1033 3546 1255 3603 testamentum
1273 3535 1437 3616 quondam

351 3639 493 3720 magistri
511 3637 614 3703 Caroli
633 3639 729 3704 viruli
743 3638 1195 3719 examinandumpriusquam
1209 3635 1240 3697 in
1252 3633 1438 3714 huiusmodi
1546 3717 1547 3720 Ἴ

351 3737 480 3818 negotio
498 3738 701 3818 procedatur,
718 3737 857 3804 dominis
873 3737 1092 3812 Glavimanno,
1112 3734 1301 3814 Clutingben
1318 3744 1350 3798 et
1368 3731 1439 3796 Pel-

351 3852 453 3911 mans,
472 3836 622 3918 expensis
639 3837 809 3902 facultatis.
826 3837 864 3902 Et
879 3837 926 3902 sic
942 3833 1101 3902 conclusit
1117 3832 1264 3898 domiuus
1279 3831 1436 3896 decanus.

351 3935 441 4014 Acri,
460 3935 524 4013 vll,
543 3936 597 4002 iol.
615 3935 675 4000 375
691 3947 730 4000 ΓΟ.

395 4133 450 4197 bie
458 4133 551 4212 jocis,
567 4133 643 4212 suri·
658 4133 771 4195 merrsis
786 4131 963 4213 septembris
978 4129 1067 4204 itti,
1086 4129 1164 4194 bora
1176 4135 1289 4210 quarta
1305 4143 1323 4190 a
1340 4123 1437 4192 meri·
1545 4161 1546 4212 3

352 4230 404 4298 dic
433 4230 808 4324 convocatlsdeputatis
837 4229 1010 4296 ordinariis
1039 4243 1111 4296 cum
1145 4225 1369 4313 compluribus
1397 4241 1436 4292 ex
