3222 4950
730 427 915 490 -388-

279 604 466 670 nominatim
496 621 513 668 a
542 605 664 672 loanne
696 606 877 673 lleuehlino
906 606 976 672 sive
1005 606 1178 686 counione.
1205 605 1364 686 epistolis,

276 719 357 786 quas
375 703 581 768 obscurorum
597 709 732 770 virorum
748 707 840 772 titulo
854 706 1006 787 vulgavit.

316 802 519 868 llerrnannus
541 821 680 886 quoque,
698 823 808 870 comes
824 805 1017 876 Nuenarius,
1035 805 1111 870 dum
1128 819 1212 868 anno
1236 803 1316 867 1519
1331 802 1365 866 in

276 901 415 966 comitiis
449 903 772 970 Frarroolurtensihus
811 905 926 970 Carolo
955 903 1125 968 Austriaco
1160 902 1224 982 iqui
1256 911 1367 982 postea

276 1000 409 1066 Carolus
422 1001 447 1063 V
460 1002 653 1082 imperator),
668 1005 771 1070 electo
785 1006 1002 1070 Romanorum
1015 1003 1229 1084 reginomine
1245 1001 1367 1066 studio·

276 1116 387 1164 sorum
424 1101 611 1167 Germaniae
637 1103 867 1184 adgratulatur,
899 1103 930 1166 in
961 1103 1040 1166 haec
1072 1101 1168 1166 verba
1199 1100 1364 1180 erumpit:

280 1229 296 1258 i
311 1199 515 1265 Fraterculos
533 1201 702 1281 quosdam,
719 1203 772 1279 ait,
791 1203 915 1283 magnis
939 1201 1040 1266 titulis
1064 1199 1273 1274 insanientes,
1287 1199 1366 1279 Juhe

276 1316 409 1365 suorum
426 1301 656 1366 coenobiorum
675 1319 784 1366 curam
801 1301 1010 1383 gerere,juhe
1023 1300 1109 1366 domi
1126 1299 1277 1364 lratrihus
1295 1299 1366 1363 suis

276 1399 428 1479 regendis
450 1415 580 1481 operam
607 1400 804 1480 impendere,
829 1403 932 1466 sacris
966 1399 1122 1468 faciendis
1148 1398 1327 1479 inuigilare,
1346 1421 1365 1456 >›

276 1506 358 1570 etc.;
375 1506 407 1562 et
431 1499 541 1578 paucis
563 1499 764 1580 interjectis:
783 1501 929 1576 «Unica,
957 1500 1054 1564 crede
1080 1498 1169 1572 mihi,
1188 1497 1288 1578 pestis
1315 1507 1367 1561 est

277 1598 311 1661 in
334 1595 503 1662 Germania
523 1599 663 1663 lacobus
692 1599 926 1674 Hoohstratus;
954 1615 1048 1680 ouem
1082 1597 1111 1662 si
1143 1596 1363 1670 restrinxeris,

276 1704 348 1756 terat
363 1703 449 1756 πάντα
463 1701 558 1772 καλῶς,
575 1699 671 1763 homo
688 1710 816 1779 praeter
834 1701 996 1780 ingentem
1025 1714 1116 1763 suam
1138 1695 1303 1760 audaciam
1320 1695 1365 1758 in·

276 1796 412 1878 signiter
437 1796 606 1876 impudens
633 1807 728 1878 atque
753 1798 955 1864 temerarius.
986 1795 1105 1860 Omnes
1131 1795 1303 1874 interroga,
1335 1793 1364 1857 si

275 1895 365 1970 libet,
384 1912 441 1976 per
467 1895 667 1960 Germaniam
691 1897 805 1962 doctos
820 1897 907 1962 viros
925 1914 932 1960 :
950 1911 1064 1960 omnes
1083 1893 1188 1965 laesit,
1214 1892 1366 1957 omnihus

276 2009 378 2074 aeque
400 1993 547 2060 infensus
570 2004 632 2059 est.
648 2017 663 2051 ι)
681 1993 763 2070 Quin
779 2007 810 2060 et
825 1995 976 2058 Erasmus
992 1994 1058 2072 llih.
1075 1992 1160 2068 lilii,
1176 1994 1265 2074 epist.
1282 1990 1365 2067 Xllll

276 2093 315 2157 ad
330 2093 484 2157 loannem
503 2109 520 2156 a
538 2093 652 2168 hasco,
671 2095 887 2174 praepositum
904 2093 1139 2165 Gnesnensem,
1163 2101 1274 2172 postea
1296 2089 1365 2155 eal·

276 2190 438 2264 sinistam,
456 2191 531 2256 dum
554 2193 675 2274 aliquot
696 2210 735 2259 ex
758 2194 898 2258 hostium
921 2208 1054 2258 suorum
1073 2207 1207 2256 numero
1227 2189 1364 2270 periisse

277 2289 401 2366 scribit,
419 2290 459 2356 iis
475 2302 663 2357 annumerat
677 2293 831 2358 Jacohum
846 2292 1085 2373 llogestratum,
1102 2313 1121 2350 a
1133 2289 1362 2370 coryphaeum,

277 2389 381 2464 nteit,
400 2389 496 2471 huius
510 2391 706 2473 tragoediae.
726 2413 740 2451 l

319 2487 459 2554 Plurima
472 2490 590 2570 ingenii
603 2490 652 2554 sui
669 2501 887 2564 monumenta,
902 2488 986 2569 stylo
1002 2488 1076 2552 licet
1089 2486 1210 2551 rudiori
1223 2494 1365 2562 exarata,

276 2585 408 2669 reliquit
427 2589 567 2654 lacohus
587 2588 860 2671 lloogstratanus;
885 2605 967 2669 quae
988 2596 1155 2654 enumerat
1168 2586 1314 2659 Focaeus,
1331 2583 1366 2646 in

276 2703 335 2752 sua
350 2687 537 2752 Bibliotheca
550 2689 687 2770 Belqico,
704 2689 727 2762 l,
748 2706 777 2770 ρ.
796 2690 867 2752 511.

319 2786 408 2851 Diem
431 2805 616 2868 supremum
639 2787 885 2852 ohiitlloloniae
908 2787 945 2849 51
958 2785 1096 2866 januarii
1113 2783 1209 2857 leam
1227 2783 1278 2847 eui
1305 2799 1366 2847 nec

277 2894 405 2949 mortuo
429 2902 602 2966 pepercere
624 2887 790 2959 haeretici,
810 2885 932 2950 tumulo
947 2887 1016 2966 ejus
1032 2886 1095 2949 hoc
1116 2882 1277 2948 distichon
1297 2880 1366 2944 affi-

277 2993 415 3062 gentes:

403 3133 458 3197 llic
468 3133 552 3215 jacet
569 3135 805 3200 lloochstratus
823 3153 832 3199 ε
851 3135 1013 3199 viventem
1030 3132 1116 3196 lerre
1132 3131 1261 3211 patique

490 3233 589 3308 Quem
607 3244 740 3315 potuere
757 3235 841 3309 mali,
861 3250 924 3298 non
943 3242 1077 3314 potuere
1093 3230 1180 3295 honi.

319 3379 432 3444 Verius
456 3389 559 3446 tamen
587 3382 763 3447 maledicus
779 3381 872 3462 potita
895 3379 1041 3452 dixisset,
1059 3377 1161 3460 inquit
1179 3375 1317 3439 hliraeus
1333 3374 1367 3436 in

278 3478 348 3542 suls
363 3479 481 3561 Eloyiis
496 3481 621 3561 delqicis
639 3501 648 3545 :

398 3627 454 3693 llic
465 3627 549 3709 jacet
568 3631 799 3694 lloochstratus
818 3652 823 3692 :
843 3629 1001 3692 uiuentem
1017 3626 1101 3690 serre
1118 3624 1244 3706 patique

475 3727 575 3802 Quem
592 3740 728 3809 noluere
743 3729 830 3801 honi,
850 3745 913 3792 non
930 3736 1063 3807 potuere
1079 3723 1167 3786 mali.

322 3873 353 3936 5.
368 3871 498 3936 loannes
520 3875 700 3950 Bounceors,
727 3875 915 3946 hlontensis,
932 3873 1038 3938 dictus
1060 3885 1158 3950 saepe
1182 3868 1311 3932 loannes
1331 3883 1369 3928 un

281 3971 442 4048 llonrreus,
468 3983 635 4054 promotus
658 3974 688 4036 in
710 3964 833 4037 artibus
856 3991 873 4038 e
898 3973 1034 4036 Falcone
1056 3969 1224 4050 septimus,
1244 3965 1369 4031 verosi-

282 4069 399 4134 militer
421 4088 504 4136 anno
527 4072 606 4136 llll'l
630 4077 703 4150 (non
728 4090 805 4138 vero
830 4072 930 4147 liet),
949 4068 1174 4151 philosophiae
1201 4066 1369 4148 urolessor

281 4171 314 4232 in
330 4169 393 4234 hoc
419 4187 478 4236 suo
502 4172 709 4253 paedagogio,
733 4171 773 4236 98
790 4171 862 4252 maji
886 4171 965 4233 llll
980 4170 1018 4234 ad
1037 4169 1209 4233 concilium
1233 4165 1368 4230 Univer-
