3130 4956
603 457 787 522 -205-

147 640 216 716 Quo
233 639 331 715 facto,
349 655 405 720 per
422 637 651 704 vicedecanum
671 637 782 720 jussus
800 647 848 704 est
872 635 1034 715 secedere,
1057 647 1090 703 ut
1105 639 1138 702 in
1160 639 1230 721 ejus

146 739 297 804 absentia
312 737 464 820 suffragia
479 737 716 819 colligerentur.
739 737 777 802 Et
796 755 835 803 ex
850 737 987 818 plurium
1002 737 1231 804 deliberatione

147 837 276 903 eiectus
298 837 401 902 estin
425 845 587 918 regentem
614 837 779 918 pedagogii
802 836 873 900 titii
899 835 1061 918 predictus
1083 837 1232 902 dominus

148 936 306 1011 decanus,
320 935 472 1017 magister
487 935 676 1000 franciscus
692 935 885 1001 favillosius
901 936 941 1000 dc
956 933 1099 1011 Ocnia,et
1114 934 1232 999 admis-

149 1051 206 1100 sus
222 1035 264 1098 ad
283 1035 458 1116 regentiam
471 1043 503 1099 ct
514 1034 683 1115 legentiam
696 1033 728 1098 in
742 1034 885 1114 predicto
902 1034 1076 1116 pedagogio
1088 1031 1159 1096 Lilii
1172 1049 1230 1115 pro

149 1147 185 1198 sc
203 1143 236 1198 et
250 1133 323 1198 suis
336 1149 393 1213 per
404 1149 477 1198 eum
490 1131 734 1198 substituendis.
751 1134 841 1210 dora,
852 1131 932 1208 Vlll,
949 1131 1004 1197 fol.
1019 1131 1078 1196 136
1093 1143 1122 1195 r⁰
1138 1140 1169 1197 ct
1186 1143 1230 1197 vt.

190 1331 250 1394 Die
275 1331 431 1406 mercurii,
458 1337 548 1393 secta
572 1331 684 1394 mensis
712 1331 832 1411 cupcstt‘
858 1329 949 1407 1560,
975 1330 1054 1394 hora
1080 1328 1233 1410 quintae

150 1429 302 1504 meridie,
330 1427 449 1492 indicta
474 1437 524 1492 est
549 1427 713 1508 deputatio
735 1429 906 1505 facultatis,
929 1429 962 1492 in
984 1428 1082 1492 rubea
1106 1443 1232 1492 camera

152 1527 269 1592 domus
294 1527 464 1602 facultatis,
490 1543 561 1590 cum
585 1527 704 1609 aliquot
728 1527 920 1604 senioribus,
938 1528 977 1592 ad
992 1525 1232 1592 deliberandum

154 1643 254 1708 super
277 1635 365 1690 certa
389 1627 490 1690 forma
513 1627 684 1691 concordie
700 1635 730 1691 et
746 1627 833 1708 pacis
848 1625 1030 1708 presentata
1047 1641 1103 1705 per
1118 1624 1234 1705 magis-

154 1735 237 1790 trum
255 1725 453 1790 Anthonium
471 1724 632 1805 Pipcrium
644 1725 784 1790 dominis
802 1725 924 1790 decano
939 1723 1107 1798 facultatis,
1122 1737 1234 1802 recep-

154 1825 215 1889 tori
232 1835 265 1889 et
280 1825 445 1890 licentiato
458 1823 759 1906 Principi‚tanquam
776 1823 1006 1889 commissariis
1021 1819 1179 1887 facultatis
1194 1815 1233 1884 ad

156 1921 350 2003 sopiendum
379 1921 453 1987 lites
483 1931 515 1987 et
543 1922 722 1988 discordias
752 1923 835 1988 inter
862 1931 1050 1988 executores
1076 1919 1235 2002 quondam

156 2021 277 2086 domini
294 2021 529 2086 armenteriani
545 2039 643 2102 super
658 2023 851 2104 proprietate
866 2020 1032 2103 pedagogii
1046 2019 1126 2094 lilii,
1140 2034 1234 2099 quarn

156 2129 355 2200 separatum
372 2120 554 2201 relinquere
569 2120 670 2184 aiebat
693 2121 839 2200 Piperins
855 2137 917 2185 una
933 2136 1004 2185 cum
1021 2127 1187 2200 patronatu
1205 2125 1236 2180 ct

156 2219 344 2298 provisione
361 2217 566 2298 presentandi
582 2229 745 2301 regentem
760 2223 792 2282 in
805 2221 891 2284 dicto
904 2217 1080 2300 pedagogio
1091 2215 1160 2280 Lilii
1173 2213 1235 2279 sibi

157 2333 212 2396 per
235 2327 465 2382 testamentum
488 2317 563 2382 dicti
580 2318 811 2382 armenteriani
827 2319 941 2400 legata,
958 2327 989 2383 et
1004 2317 1088 2380 inter
1104 2313 1235 2379 faculta-

157 2422 219 2478 tem
235 2415 366 2488 artium,
381 2431 422 2478 ex
436 2415 534 2480 altera
550 2425 649 2496 parte,
667 2416 814 2480 tutricem
831 2417 1055 2498 magistrorum
1070 2422 1102 2478 et
1118 2427 1235 2492 paupe-

157 2529 226 2576 rum
253 2513 331 2576 dicti
358 2512 538 2595 pedagogii.
555 2512 623 2586 Quc
648 2513 775 2594 quidem
798 2513 970 2578 concordie
995 2513 1096 2576 forma
1116 2509 1237 2590 judicio

158 2609 278 2674 domini
305 2611 451 2676 doctoris
476 2611 594 2675 Elberti
621 2612 668 2690 (ad
695 2629 789 2693 quem
813 2612 945 2693 predicti
968 2605 1180 2676 commissarii
1202 2606 1236 2668 in

159 2709 255 2774 relius
281 2710 392 2774 dubiis
417 2726 456 2774 cx
482 2710 630 2774 mandato
649 2711 871 2792 deputatorum
891 2709 1048 2775 facultatis
1070 2717 1236 2772 recurrere

160 2807 327 2886 debebant)
357 2809 518 2888 deputatis
545 2809 702 2874 facultatis
727 2821 759 2876 et
784 2810 967 2874 senioribus
993 2806 1150 2890 adjunctis
1178 2821 1235 2885 per

160 2907 404 2971 commissarios
419 2908 594 2986 presentari
611 2907 729 2972 debuit.
748 2908 845 2990 cujus
861 2908 1033 2972 concordie
1045 2906 1149 2988 jactus
1165 2919 1236 2984 pro·

160 3005 224 3084 pria
241 3007 348 3086 ipsius
367 3006 511 3088 magistri
528 3006 676 3071 Antlronii
692 3023 786 3071 manu
802 3009 835 3071 in
851 3007 945 3072 domo
961 3007 1102 3073 doctoris
1116 3000 1236 3069 Elberti

160 3105 337 3184 conscripti
353 3113 446 3168 tenor
460 3113 528 3169 erat
544 3105 617 3168 talis
635 3121 642 3166 :

186 3297 345 3364 Patronus
352 3300 616 3376 (sictexecutorcs
628 3309 660 3364 ct
673 3301 908 3380 provisores‚se
923 3303 1237 3384 exonerandoquoad

162 3397 332 3461 articulum
354 3396 548 3477 provisionis
564 3399 705 3477 regentia
725 3409 755 3463 et
777 3400 1061 3466 administrationis
1076 3402 1191 3466 domus
1206 3413 1238 3467 et

163 3496 329 3576 pedagogii
347 3495 415 3558 litii
435 3504 625 3560 testamento
648 3498 840 3563 venerabilis
855 3501 915 3562 viri
937 3500 1056 3565 domini
1072 3503 1238 3565 Armenta·

164 3593 254 3667 riani,
271 3603 350 3666 etc,
367 3595 535 3667 insertum,
546 3589 603 3674 pro
620 3594 704 3660 bono
716 3597 804 3676 pacis
816 3598 1009 3663 transferent
1024 3599 1238 3679 provisionem

166 3692 196 3755 iu
218 3693 401 3757 facultatem
423 3693 549 3766 artium,
565 3701 597 3756 et
618 3695 831 3770 consentient,
849 3698 934 3777 quod
957 3695 1056 3761 libera
1071 3697 1239 3778 dispositio

166 3789 278 3854 domus
306 3799 336 3854 et
363 3789 496 3870 predicti
520 3791 686 3874 pedagogii
709 3793 750 3857 sit
773 3810 871 3874 penes
890 3796 1022 3861 eandem
1044 3797 1237 3876 facultatem,

168 3888 249 3952 saiva
266 3889 453 3954 fundatione
469 3889 584 3964 virutt;
602 3899 633 3954 et
649 3893 898 3974 preterca,quod
914 3894 1014 3972 lucra,
1026 3913 1088 3976 que
1103 3912 1140 3960 ex
1156 3896 1239 3962 dicta

47 4069 48 4078 ἵ
168 3985 442 4052 administratione
467 3989 666 4068 provenient,
685 3991 711 4052 si
731 4008 792 4071 quc
809 3993 884 4070 sirit,
902 3994 1048 4059 deductis
1073 3995 1239 4072 oneribus,

169 4084 348 4150 dividentur
359 4085 512 4166 equaliter
524 4096 555 4152 et
567 4087 727 4152 mediatim
741 4091 822 4155 inter
835 4092 979 4160 bursalcs
995 4095 1069 4159 dicti
1081 4095 1241 4175 quondam

171 4183 330 4250 testatoris
353 4192 385 4248 ct
406 4183 550 4250 hursales
572 4186 647 4251 dicti
663 4189 823 4268 quondam
846 4191 988 4274 magistri
1007 4192 1111 4257 Caroli
1128 4193 1240 4258 Virnli.
