<?xml version="1.0" encoding="UTF-8"?>
<!DOCTYPE html PUBLIC "-//W3C//DTD XHTML 1.0 Transitional//EN"
    "http://www.w3.org/TR/xhtml1/DTD/xhtml1-transitional.dtd">
<html xmlns="http://www.w3.org/1999/xhtml" xml:lang="en" lang="en">
 <head>
  <title>
</title>
<meta http-equiv="Content-Type" content="text/html;charset=utf-8" />
  <meta name='ocr-system' content='tesseract 3.04.00' />
  <meta name='ocr-capabilities' content='ocr_page ocr_carea ocr_par ocr_line ocrx_word'/>
</head>
<body>
  <div class='ocr_page' id='page_1' title='image "./documentsrelati01reusgoog/documentsrelati01reusgoog_0218.png"; bbox 0 0 3130 4956; ppageno 0'>
   <div class='ocr_carea' id='block_1_1' title="bbox 785 489 969 576">
    <p class='ocr_par' dir='ltr' id='par_1_1' title="bbox 785 489 969 576">
     <span class='ocr_line' id='line_1_1' title="bbox 785 489 969 576; baseline 0.016 -2"><span class='ocrx_word' id='word_1_1' title='bbox 785 489 969 576; x_wconf 77' lang='lat' dir='ltr'>-tod-</span> 
     </span>
    </p>
   </div>
   <div class='ocr_carea' id='block_1_2' title="bbox 309 685 1418 4348">
    <p class='ocr_par' dir='ltr' id='par_1_2' title="bbox 309 685 1416 3148">
     <span class='ocr_line' id='line_1_2' title="bbox 336 685 1416 776; baseline -0.004 -16"><span class='ocrx_word' id='word_1_2' title='bbox 336 697 411 769; x_wconf 89' lang='lat' dir='ltr'>lale,</span> <span class='ocrx_word' id='word_1_3' title='bbox 429 693 481 776; x_wconf 83' lang='lat' dir='ltr'>qui</span> <span class='ocrx_word' id='word_1_4' title='bbox 497 693 535 758; x_wconf 88' lang='lat' dir='ltr'>ab</span> <span class='ocrx_word' id='word_1_5' title='bbox 557 693 605 760; x_wconf 90' lang='lat' dir='ltr'>eis</span> <span class='ocrx_word' id='word_1_6' title='bbox 620 692 816 775; x_wconf 77' lang='lat' dir='ltr'>perquirant,</span> <span class='ocrx_word' id='word_1_7' title='bbox 836 691 986 775; x_wconf 80' lang='lat' dir='ltr'>quidnam</span> <span class='ocrx_word' id='word_1_8' title='bbox 1002 690 1143 758; x_wconf 74' lang='lat' dir='ltr'><strong>facultati</strong></span> <span class='ocrx_word' id='word_1_9' title='bbox 1158 692 1275 758; x_wconf 87' lang='lat' dir='ltr'>vellent</span> <span class='ocrx_word' id='word_1_10' title='bbox 1291 685 1416 774; x_wconf 88' lang='lat' dir='ltr'>exposi-</span> 
     </span>
     <span class='ocr_line' id='line_1_3' title="bbox 334 791 1416 873; baseline -0.004 -13"><span class='ocrx_word' id='word_1_11' title='bbox 334 803 413 860; x_wconf 92' lang='lat' dir='ltr'>tum.</span> <span class='ocrx_word' id='word_1_12' title='bbox 428 794 472 857; x_wconf 80' lang='lat' dir='ltr'>Ad</span> <span class='ocrx_word' id='word_1_13' title='bbox 489 795 549 859; x_wconf 92' lang='lat' dir='ltr'>ltoc</span> <span class='ocrx_word' id='word_1_14' title='bbox 564 804 669 858; x_wconf 91' lang='lat' dir='ltr'>autem</span> <span class='ocrx_word' id='word_1_15' title='bbox 684 793 825 873; x_wconf 87' lang='lat' dir='ltr'>deputati</span> <span class='ocrx_word' id='word_1_16' title='bbox 846 801 949 858; x_wconf 91' lang='lat' dir='ltr'>sunta</span> <span class='ocrx_word' id='word_1_17' title='bbox 968 793 1116 858; x_wconf 73' lang='lat' dir='ltr'>facultate</span> <span class='ocrx_word' id='word_1_18' title='bbox 1131 791 1251 857; x_wconf 91' lang='lat' dir='ltr'>domiui</span> <span class='ocrx_word' id='word_1_19' title='bbox 1268 802 1416 873; x_wconf 88' lang='lat' dir='ltr'>receptor</span> 
     </span>
     <span class='ocr_line' id='line_1_4' title="bbox 333 891 1413 974; baseline -0.001 -17"><span class='ocrx_word' id='word_1_20' title='bbox 333 892 505 966; x_wconf 77' lang='lat' dir='ltr'><strong>facultatis,</strong></span> <span class='ocrx_word' id='word_1_21' title='bbox 530 893 679 974; x_wconf 84' lang='lat' dir='ltr'>magister</span> <span class='ocrx_word' id='word_1_22' title='bbox 704 891 878 956; x_wconf 79' lang='lat' dir='ltr'><strong>warnerus</strong></span> <span class='ocrx_word' id='word_1_23' title='bbox 901 892 939 955; x_wconf 91' lang='lat' dir='ltr'>ab</span> <span class='ocrx_word' id='word_1_24' title='bbox 960 891 1207 973; x_wconf 80' lang='lat' dir='ltr'>Aut,·magister</span> <span class='ocrx_word' id='word_1_25' title='bbox 1235 891 1413 956; x_wconf 75' lang='lat' dir='ltr'>Ludos-icus</span> 
     </span>
     <span class='ocr_line' id='line_1_5' title="bbox 334 989 1413 1072; baseline -0.002 -16"><span class='ocrx_word' id='word_1_26' title='bbox 334 994 399 1056; x_wconf 90' lang='lat' dir='ltr'>Van</span> <span class='ocrx_word' id='word_1_27' title='bbox 423 993 566 1067; x_wconf 89' lang='lat' dir='ltr'>Germes,</span> <span class='ocrx_word' id='word_1_28' title='bbox 592 992 742 1072; x_wconf 83' lang='lat' dir='ltr'>magister</span> <span class='ocrx_word' id='word_1_29' title='bbox 765 989 922 1055; x_wconf 82' lang='lat' dir='ltr'>liudricus</span> <span class='ocrx_word' id='word_1_30' title='bbox 947 990 1115 1056; x_wconf 86' lang='lat' dir='ltr'>llornltens</span> <span class='ocrx_word' id='word_1_31' title='bbox 1130 991 1170 1056; x_wconf 91' lang='lat' dir='ltr'>de</span> <span class='ocrx_word' id='word_1_32' title='bbox 1186 991 1283 1065; x_wconf 79' lang='lat' dir='ltr'>Belca,</span> <span class='ocrx_word' id='word_1_33' title='bbox 1300 1000 1333 1056; x_wconf 89' lang='lat' dir='ltr'>et</span> <span class='ocrx_word' id='word_1_34' title='bbox 1350 1007 1413 1055; x_wconf 89' lang='lat' dir='ltr'>ma·</span> 
     </span>
     <span class='ocr_line' id='line_1_6' title="bbox 333 1087 1412 1172; baseline 0 -18"><span class='ocrx_word' id='word_1_35' title='bbox 333 1091 434 1172; x_wconf 71' lang='lat' dir='ltr'>gister-</span> <span class='ocrx_word' id='word_1_36' title='bbox 458 1093 596 1156; x_wconf 91' lang='lat' dir='ltr'>loannes</span> <span class='ocrx_word' id='word_1_37' title='bbox 623 1089 776 1154; x_wconf 90' lang='lat' dir='ltr'>Valerius.</span> <span class='ocrx_word' id='word_1_38' title='bbox 804 1089 861 1164; x_wconf 88' lang='lat' dir='ltr'>Qui</span> <span class='ocrx_word' id='word_1_39' title='bbox 889 1087 1016 1170; x_wconf 87' lang='lat' dir='ltr'>quidem</span> <span class='ocrx_word' id='word_1_40' title='bbox 1041 1089 1165 1170; x_wconf 79' lang='lat' dir='ltr'>egressi</span> <span class='ocrx_word' id='word_1_41' title='bbox 1192 1098 1412 1154; x_wconf 90' lang='lat' dir='ltr'>convenerunt</span> 
     </span>
     <span class='ocr_line' id='line_1_7' title="bbox 333 1187 1411 1272; baseline -0.001 -20"><span class='ocrx_word' id='word_1_42' title='bbox 333 1189 429 1272; x_wconf 86' lang='lat' dir='ltr'>longo</span> <span class='ocrx_word' id='word_1_43' title='bbox 447 1197 589 1270; x_wconf 84' lang='lat' dir='ltr'>ternpore</span> <span class='ocrx_word' id='word_1_44' title='bbox 607 1188 768 1270; x_wconf 90' lang='lat' dir='ltr'>predictos</span> <span class='ocrx_word' id='word_1_45' title='bbox 784 1196 972 1266; x_wconf 83' lang='lat' dir='ltr'>executores</span> <span class='ocrx_word' id='word_1_46' title='bbox 994 1187 1024 1250; x_wconf 91' lang='lat' dir='ltr'>in</span> <span class='ocrx_word' id='word_1_47' title='bbox 1042 1187 1140 1252; x_wconf 89' lang='lat' dir='ltr'>rubea</span> <span class='ocrx_word' id='word_1_48' title='bbox 1156 1203 1281 1252; x_wconf 87' lang='lat' dir='ltr'>camera</span> <span class='ocrx_word' id='word_1_49' title='bbox 1297 1187 1411 1252; x_wconf 89' lang='lat' dir='ltr'>domus</span> 
     </span>
     <span class='ocr_line' id='line_1_8' title="bbox 333 1285 1409 1368; baseline -0.003 -17"><span class='ocrx_word' id='word_1_50' title='bbox 333 1288 508 1363; x_wconf 87' lang='lat' dir='ltr'>facultatis;</span> <span class='ocrx_word' id='word_1_51' title='bbox 535 1297 566 1354; x_wconf 92' lang='lat' dir='ltr'>et</span> <span class='ocrx_word' id='word_1_52' title='bbox 593 1289 632 1352; x_wconf 90' lang='lat' dir='ltr'>ab</span> <span class='ocrx_word' id='word_1_53' title='bbox 659 1285 751 1367; x_wconf 91' lang='lat' dir='ltr'>ipsis,</span> <span class='ocrx_word' id='word_1_54' title='bbox 778 1287 895 1368; x_wconf 88' lang='lat' dir='ltr'>quida</span> <span class='ocrx_word' id='word_1_55' title='bbox 923 1286 1071 1351; x_wconf 76' lang='lat' dir='ltr'>facultate</span> <span class='ocrx_word' id='word_1_56' title='bbox 1097 1295 1251 1368; x_wconf 91' lang='lat' dir='ltr'>cuperent</span> <span class='ocrx_word' id='word_1_57' title='bbox 1278 1286 1409 1367; x_wconf 80' lang='lat' dir='ltr'>predicti</span> 
     </span>
     <span class='ocr_line' id='line_1_9' title="bbox 333 1384 1408 1474; baseline -0.005 -21"><span class='ocrx_word' id='word_1_58' title='bbox 333 1397 532 1462; x_wconf 82' lang='lat' dir='ltr'>executores,</span> <span class='ocrx_word' id='word_1_59' title='bbox 562 1387 796 1474; x_wconf 82' lang='lat' dir='ltr'>intellexerunt.</span> <span class='ocrx_word' id='word_1_60' title='bbox 830 1385 948 1452; x_wconf 81' lang='lat' dir='ltr'>Deinde</span> <span class='ocrx_word' id='word_1_61' title='bbox 979 1386 1140 1451; x_wconf 82' lang='lat' dir='ltr'>redientes</span> <span class='ocrx_word' id='word_1_62' title='bbox 1170 1384 1207 1448; x_wconf 89' lang='lat' dir='ltr'>ad</span> <span class='ocrx_word' id='word_1_63' title='bbox 1239 1385 1408 1450; x_wconf 90' lang='lat' dir='ltr'>concilium</span> 
     </span>
     <span class='ocr_line' id='line_1_10' title="bbox 332 1485 1409 1569; baseline -0.004 -19"><span class='ocrx_word' id='word_1_64' title='bbox 332 1487 465 1569; x_wconf 82' lang='lat' dir='ltr'>predicti</span> <span class='ocrx_word' id='word_1_65' title='bbox 491 1486 703 1552; x_wconf 88' lang='lat' dir='ltr'>commissarii</span> <span class='ocrx_word' id='word_1_66' title='bbox 730 1485 887 1550; x_wconf 89' lang='lat' dir='ltr'>facultatis</span> <span class='ocrx_word' id='word_1_67' title='bbox 913 1496 1130 1566; x_wconf 84' lang='lat' dir='ltr'>exposuerunt</span> <span class='ocrx_word' id='word_1_68' title='bbox 1156 1485 1307 1559; x_wconf 77' lang='lat' dir='ltr'>facultati,</span> <span class='ocrx_word' id='word_1_69' title='bbox 1333 1500 1409 1564; x_wconf 83' lang='lat' dir='ltr'>quo-</span> 
     </span>
     <span class='ocr_line' id='line_1_11' title="bbox 332 1582 1409 1663; baseline -0.002 -15"><span class='ocrx_word' id='word_1_70' title='bbox 332 1586 471 1652; x_wconf 85' lang='lat' dir='ltr'>modain</span> <span class='ocrx_word' id='word_1_71' title='bbox 485 1583 1053 1652; x_wconf 82' lang='lat' dir='ltr'>testamentodomiuiArmenteriani</span> <span class='ocrx_word' id='word_1_72' title='bbox 1069 1582 1138 1663; x_wconf 92' lang='lat' dir='ltr'>ipse</span> <span class='ocrx_word' id='word_1_73' title='bbox 1149 1582 1409 1648; x_wconf 82' lang='lat' dir='ltr'>Armenterianus</span> 
     </span>
     <span class='ocr_line' id='line_1_12' title="bbox 331 1681 1407 1764; baseline -0.005 -16"><span class='ocrx_word' id='word_1_74' title='bbox 331 1695 473 1748; x_wconf 85' lang='lat' dir='ltr'>octavam</span> <span class='ocrx_word' id='word_1_75' title='bbox 499 1685 642 1759; x_wconf 91' lang='lat' dir='ltr'>bursam,</span> <span class='ocrx_word' id='word_1_76' title='bbox 667 1683 717 1748; x_wconf 94' lang='lat' dir='ltr'>ubi</span> <span class='ocrx_word' id='word_1_77' title='bbox 741 1700 777 1748; x_wconf 91' lang='lat' dir='ltr'>ea</span> <span class='ocrx_word' id='word_1_78' title='bbox 799 1700 837 1747; x_wconf 89' lang='lat' dir='ltr'>ex</span> <span class='ocrx_word' id='word_1_79' title='bbox 857 1682 1046 1764; x_wconf 91' lang='lat' dir='ltr'>superlucro</span> <span class='ocrx_word' id='word_1_80' title='bbox 1071 1681 1197 1746; x_wconf 91' lang='lat' dir='ltr'>fundata</span> <span class='ocrx_word' id='word_1_81' title='bbox 1219 1690 1318 1758; x_wconf 89' lang='lat' dir='ltr'>esset,</span> <span class='ocrx_word' id='word_1_82' title='bbox 1340 1696 1407 1746; x_wconf 89' lang='lat' dir='ltr'>eam</span> 
     </span>
     <span class='ocr_line' id='line_1_13' title="bbox 332 1780 1407 1864; baseline -0.003 -17"><span class='ocrx_word' id='word_1_83' title='bbox 332 1799 405 1848; x_wconf 90' lang='lat' dir='ltr'>esse</span> <span class='ocrx_word' id='word_1_84' title='bbox 425 1783 550 1848; x_wconf 87' lang='lat' dir='ltr'>volebat</span> <span class='ocrx_word' id='word_1_85' title='bbox 570 1800 627 1864; x_wconf 91' lang='lat' dir='ltr'>pro</span> <span class='ocrx_word' id='word_1_86' title='bbox 649 1782 780 1848; x_wconf 86' lang='lat' dir='ltr'>fabrica.</span> <span class='ocrx_word' id='word_1_87' title='bbox 803 1782 918 1847; x_wconf 89' lang='lat' dir='ltr'>Verum</span> <span class='ocrx_word' id='word_1_88' title='bbox 942 1780 1199 1864; x_wconf 83' lang='lat' dir='ltr'>quandoquidem</span> <span class='ocrx_word' id='word_1_89' title='bbox 1216 1780 1278 1860; x_wconf 90' lang='lat' dir='ltr'>ipsi</span> <span class='ocrx_word' id='word_1_90' title='bbox 1294 1797 1407 1846; x_wconf 84' lang='lat' dir='ltr'>execu-</span> 
     </span>
     <span class='ocr_line' id='line_1_14' title="bbox 332 1879 1406 1963; baseline -0.004 -17"><span class='ocrx_word' id='word_1_91' title='bbox 332 1891 431 1956; x_wconf 89' lang='lat' dir='ltr'>tores,</span> <span class='ocrx_word' id='word_1_92' title='bbox 449 1883 631 1963; x_wconf 78' lang='lat' dir='ltr'>provisores</span> <span class='ocrx_word' id='word_1_93' title='bbox 654 1889 685 1946; x_wconf 92' lang='lat' dir='ltr'>et</span> <span class='ocrx_word' id='word_1_94' title='bbox 709 1882 843 1946; x_wconf 86' lang='lat' dir='ltr'>heredes</span> <span class='ocrx_word' id='word_1_95' title='bbox 861 1879 1088 1946; x_wconf 85' lang='lat' dir='ltr'>renunciabant</span> <span class='ocrx_word' id='word_1_96' title='bbox 1103 1879 1134 1942; x_wconf 94' lang='lat' dir='ltr'>in</span> <span class='ocrx_word' id='word_1_97' title='bbox 1153 1879 1292 1961; x_wconf 88' lang='lat' dir='ltr'>predicta</span> <span class='ocrx_word' id='word_1_98' title='bbox 1308 1880 1406 1943; x_wconf 85' lang='lat' dir='ltr'>forma</span> 
     </span>
     <span class='ocr_line' id='line_1_15' title="bbox 332 1977 1406 2060; baseline 0 -16"><span class='ocrx_word' id='word_1_99' title='bbox 332 1981 504 2046; x_wconf 89' lang='lat' dir='ltr'>concordie</span> <span class='ocrx_word' id='word_1_100' title='bbox 519 1980 604 2046; x_wconf 93' lang='lat' dir='ltr'>omni</span> <span class='ocrx_word' id='word_1_101' title='bbox 618 1977 681 2060; x_wconf 80' lang='lat' dir='ltr'>juri</span> <span class='ocrx_word' id='word_1_102' title='bbox 697 1989 728 2044; x_wconf 92' lang='lat' dir='ltr'>et</span> <span class='ocrx_word' id='word_1_103' title='bbox 743 1979 858 2044; x_wconf 90' lang='lat' dir='ltr'>actioni</span> <span class='ocrx_word' id='word_1_104' title='bbox 877 1978 1116 2060; x_wconf 85' lang='lat' dir='ltr'>quomodolibet</span> <span class='ocrx_word' id='word_1_105' title='bbox 1135 1978 1196 2043; x_wconf 89' lang='lat' dir='ltr'>sibi</span> <span class='ocrx_word' id='word_1_106' title='bbox 1211 1978 1249 2042; x_wconf 90' lang='lat' dir='ltr'>ad</span> <span class='ocrx_word' id='word_1_107' title='bbox 1267 1980 1406 2059; x_wconf 80' lang='lat' dir='ltr'>pedago-</span> 
     </span>
     <span class='ocr_line' id='line_1_16' title="bbox 331 2077 1403 2160; baseline 0.002 -19"><span class='ocrx_word' id='word_1_108' title='bbox 331 2078 416 2159; x_wconf 80' lang='lat' dir='ltr'>giunt</span> <span class='ocrx_word' id='word_1_109' title='bbox 432 2088 462 2144; x_wconf 94' lang='lat' dir='ltr'>et</span> <span class='ocrx_word' id='word_1_110' title='bbox 481 2079 653 2160; x_wconf 74' lang='lat' dir='ltr'>regendam</span> <span class='ocrx_word' id='word_1_111' title='bbox 676 2077 882 2158; x_wconf 89' lang='lat' dir='ltr'>competenti,</span> <span class='ocrx_word' id='word_1_112' title='bbox 899 2077 973 2144; x_wconf 93' lang='lat' dir='ltr'>ideo</span> <span class='ocrx_word' id='word_1_113' title='bbox 998 2077 1062 2141; x_wconf 91' lang='lat' dir='ltr'>illis</span> <span class='ocrx_word' id='word_1_114' title='bbox 1089 2093 1205 2158; x_wconf 86' lang='lat' dir='ltr'>equum</span> <span class='ocrx_word' id='word_1_115' title='bbox 1226 2077 1403 2156; x_wconf 85' lang='lat' dir='ltr'>videbatur,</span> 
     </span>
     <span class='ocr_line' id='line_1_17' title="bbox 328 2176 1405 2244; baseline 0 -2"><span class='ocrx_word' id='word_1_116' title='bbox 328 2185 363 2242; x_wconf 91' lang='lat' dir='ltr'>ut</span> <span class='ocrx_word' id='word_1_117' title='bbox 377 2179 506 2243; x_wconf 87' lang='lat' dir='ltr'>bursam</span> <span class='ocrx_word' id='word_1_118' title='bbox 522 2179 606 2242; x_wconf 92' lang='lat' dir='ltr'>illam</span> <span class='ocrx_word' id='word_1_119' title='bbox 629 2186 772 2242; x_wconf 88' lang='lat' dir='ltr'>octavam</span> <span class='ocrx_word' id='word_1_120' title='bbox 789 2177 882 2243; x_wconf 91' lang='lat' dir='ltr'>etiam</span> <span class='ocrx_word' id='word_1_121' title='bbox 900 2177 1031 2241; x_wconf 92' lang='lat' dir='ltr'>liberam</span> <span class='ocrx_word' id='word_1_122' title='bbox 1048 2185 1080 2240; x_wconf 91' lang='lat' dir='ltr'>et</span> <span class='ocrx_word' id='word_1_123' title='bbox 1096 2176 1213 2242; x_wconf 88' lang='lat' dir='ltr'>fabrice</span> <span class='ocrx_word' id='word_1_124' title='bbox 1230 2194 1294 2242; x_wconf 92' lang='lat' dir='ltr'>non</span> <span class='ocrx_word' id='word_1_125' title='bbox 1310 2177 1405 2244; x_wconf 88' lang='lat' dir='ltr'>affec-</span> 
     </span>
     <span class='ocr_line' id='line_1_18' title="bbox 328 2275 1405 2358; baseline 0.001 -18"><span class='ocrx_word' id='word_1_126' title='bbox 328 2285 402 2352; x_wconf 88' lang='lat' dir='ltr'>tam,</span> <span class='ocrx_word' id='word_1_127' title='bbox 421 2285 454 2341; x_wconf 92' lang='lat' dir='ltr'>ut</span> <span class='ocrx_word' id='word_1_128' title='bbox 478 2284 585 2342; x_wconf 90' lang='lat' dir='ltr'>celere</span> <span class='ocrx_word' id='word_1_129' title='bbox 610 2285 731 2352; x_wconf 91' lang='lat' dir='ltr'>essent,</span> <span class='ocrx_word' id='word_1_130' title='bbox 750 2276 881 2341; x_wconf 91' lang='lat' dir='ltr'>facultas</span> <span class='ocrx_word' id='word_1_131' title='bbox 909 2275 974 2341; x_wconf 93' lang='lat' dir='ltr'>illis</span> <span class='ocrx_word' id='word_1_132' title='bbox 999 2276 1203 2350; x_wconf 89' lang='lat' dir='ltr'>concederet,</span> <span class='ocrx_word' id='word_1_133' title='bbox 1228 2277 1405 2358; x_wconf 86' lang='lat' dir='ltr'>siquando</span> 
     </span>
     <span class='ocr_line' id='line_1_19' title="bbox 327 2373 1403 2456; baseline 0 -18"><span class='ocrx_word' id='word_1_134' title='bbox 327 2375 381 2440; x_wconf 90' lang='lat' dir='ltr'>illa</span> <span class='ocrx_word' id='word_1_135' title='bbox 397 2376 520 2440; x_wconf 92' lang='lat' dir='ltr'>fundari</span> <span class='ocrx_word' id='word_1_136' title='bbox 538 2383 658 2456; x_wconf 91' lang='lat' dir='ltr'>posset.</span> <span class='ocrx_word' id='word_1_137' title='bbox 684 2374 772 2450; x_wconf 90' lang='lat' dir='ltr'>Quod</span> <span class='ocrx_word' id='word_1_138' title='bbox 797 2375 848 2440; x_wconf 90' lang='lat' dir='ltr'>ubi</span> <span class='ocrx_word' id='word_1_139' title='bbox 872 2373 1086 2441; x_wconf 91' lang='lat' dir='ltr'>commissarii</span> <span class='ocrx_word' id='word_1_140' title='bbox 1111 2374 1245 2454; x_wconf 89' lang='lat' dir='ltr'>predicti</span> <span class='ocrx_word' id='word_1_141' title='bbox 1265 2376 1403 2441; x_wconf 90' lang='lat' dir='ltr'>facultati</span> 
     </span>
     <span class='ocr_line' id='line_1_20' title="bbox 327 2473 1402 2556; baseline 0.004 -17"><span class='ocrx_word' id='word_1_142' title='bbox 327 2475 565 2556; x_wconf 82' lang='lat' dir='ltr'>exposuissent,</span> <span class='ocrx_word' id='word_1_143' title='bbox 583 2475 700 2555; x_wconf 90' lang='lat' dir='ltr'>placuit</span> <span class='ocrx_word' id='word_1_144' title='bbox 715 2475 808 2539; x_wconf 91' lang='lat' dir='ltr'>etiarn</span> <span class='ocrx_word' id='word_1_145' title='bbox 834 2473 976 2539; x_wconf 81' lang='lat' dir='ltr'>facultati</span> <span class='ocrx_word' id='word_1_146' title='bbox 991 2475 1021 2538; x_wconf 92' lang='lat' dir='ltr'>id</span> <span class='ocrx_word' id='word_1_147' title='bbox 1038 2477 1133 2542; x_wconf 92' lang='lat' dir='ltr'>etiam</span> <span class='ocrx_word' id='word_1_148' title='bbox 1149 2477 1197 2544; x_wconf 90' lang='lat' dir='ltr'>eis</span> <span class='ocrx_word' id='word_1_149' title='bbox 1212 2475 1402 2552; x_wconf 91' lang='lat' dir='ltr'>concedere,</span> 
     </span>
     <span class='ocr_line' id='line_1_21' title="bbox 309 2565 1405 2658; baseline 0.003 -19"><span class='ocrx_word' id='word_1_150' title='bbox 309 2565 362 2639; x_wconf 84' lang='lat' dir='ltr'>&#39;ul</span> <span class='ocrx_word' id='word_1_151' title='bbox 386 2573 535 2639; x_wconf 86' lang='lat' dir='ltr'>videlicet</span> <span class='ocrx_word' id='word_1_152' title='bbox 560 2590 607 2648; x_wconf 91' lang='lat' dir='ltr'>ea,</span> <span class='ocrx_word' id='word_1_153' title='bbox 636 2574 812 2654; x_wconf 87' lang='lat' dir='ltr'>siquando</span> <span class='ocrx_word' id='word_1_154' title='bbox 838 2573 906 2655; x_wconf 89' lang='lat' dir='ltr'>ipsa</span> <span class='ocrx_word' id='word_1_155' title='bbox 930 2574 1127 2656; x_wconf 85' lang='lat' dir='ltr'>fundaretur,</span> <span class='ocrx_word' id='word_1_156' title='bbox 1152 2577 1296 2658; x_wconf 78' lang='lat' dir='ltr'>eiusdem</span> <span class='ocrx_word' id='word_1_157' title='bbox 1319 2587 1405 2642; x_wconf 89' lang='lat' dir='ltr'>esset</span> 
     </span>
     <span class='ocr_line' id='line_1_22' title="bbox 327 2663 1404 2757; baseline 0.002 -19"><span class='ocrx_word' id='word_1_158' title='bbox 327 2663 440 2738; x_wconf 85' lang='lat' dir='ltr'>nature</span> <span class='ocrx_word' id='word_1_159' title='bbox 456 2689 527 2736; x_wconf 88' lang='lat' dir='ltr'>curn</span> <span class='ocrx_word' id='word_1_160' title='bbox 548 2672 677 2746; x_wconf 90' lang='lat' dir='ltr'>ceteris,</span> <span class='ocrx_word' id='word_1_161' title='bbox 701 2681 733 2736; x_wconf 92' lang='lat' dir='ltr'>el</span> <span class='ocrx_word' id='word_1_162' title='bbox 753 2672 815 2736; x_wconf 90' lang='lat' dir='ltr'>boc</span> <span class='ocrx_word' id='word_1_163' title='bbox 832 2672 863 2734; x_wconf 95' lang='lat' dir='ltr'>in</span> <span class='ocrx_word' id='word_1_164' title='bbox 886 2671 1101 2739; x_wconf 89' lang='lat' dir='ltr'>instrumento</span> <span class='ocrx_word' id='word_1_165' title='bbox 1117 2674 1292 2740; x_wconf 91' lang='lat' dir='ltr'>concordie</span> <span class='ocrx_word' id='word_1_166' title='bbox 1308 2692 1404 2757; x_wconf 89' lang='lat' dir='ltr'>pone·</span> 
     </span>
     <span class='ocr_line' id='line_1_23' title="bbox 327 2771 1405 2856; baseline 0.004 -20"><span class='ocrx_word' id='word_1_167' title='bbox 327 2782 426 2836; x_wconf 90' lang='lat' dir='ltr'>retur.</span> <span class='ocrx_word' id='word_1_168' title='bbox 451 2771 488 2835; x_wconf 83' lang='lat' dir='ltr'>Et</span> <span class='ocrx_word' id='word_1_169' title='bbox 510 2780 659 2853; x_wconf 82' lang='lat' dir='ltr'>quantum</span> <span class='ocrx_word' id='word_1_170' title='bbox 684 2771 723 2835; x_wconf 92' lang='lat' dir='ltr'>ad</span> <span class='ocrx_word' id='word_1_171' title='bbox 745 2779 934 2852; x_wconf 91' lang='lat' dir='ltr'>conceptum</span> <span class='ocrx_word' id='word_1_172' title='bbox 955 2773 1129 2839; x_wconf 87' lang='lat' dir='ltr'>concordie</span> <span class='ocrx_word' id='word_1_173' title='bbox 1146 2791 1202 2856; x_wconf 90' lang='lat' dir='ltr'>per</span> <span class='ocrx_word' id='word_1_174' title='bbox 1216 2783 1405 2840; x_wconf 82' lang='lat' dir='ltr'>executores</span> 
     </span>
     <span class='ocr_line' id='line_1_24' title="bbox 327 2870 1405 2955; baseline 0.006 -21"><span class='ocrx_word' id='word_1_175' title='bbox 327 2881 358 2935; x_wconf 91' lang='lat' dir='ltr'>et</span> <span class='ocrx_word' id='word_1_176' title='bbox 382 2870 622 2936; x_wconf 89' lang='lat' dir='ltr'>commissarios</span> <span class='ocrx_word' id='word_1_177' title='bbox 649 2871 816 2944; x_wconf 79' lang='lat' dir='ltr'>formatum</span> <span class='ocrx_word' id='word_1_178' title='bbox 842 2880 873 2936; x_wconf 91' lang='lat' dir='ltr'>et</span> <span class='ocrx_word' id='word_1_179' title='bbox 892 2870 956 2951; x_wconf 79' lang='lat' dir='ltr'>iam</span> <span class='ocrx_word' id='word_1_180' title='bbox 981 2872 1096 2937; x_wconf 93' lang='lat' dir='ltr'>lectum</span> <span class='ocrx_word' id='word_1_181' title='bbox 1115 2873 1252 2953; x_wconf 90' lang='lat' dir='ltr'>placere,</span> <span class='ocrx_word' id='word_1_182' title='bbox 1271 2890 1405 2955; x_wconf 85' lang='lat' dir='ltr'>eamque</span> 
     </span>
     <span class='ocr_line' id='line_1_25' title="bbox 326 2968 1403 3045; baseline 0.004 -12"><span class='ocrx_word' id='word_1_183' title='bbox 326 2985 433 3033; x_wconf 90' lang='lat' dir='ltr'>coram</span> <span class='ocrx_word' id='word_1_184' title='bbox 449 2968 590 3033; x_wconf 86' lang='lat' dir='ltr'>scabinis</span> <span class='ocrx_word' id='word_1_185' title='bbox 610 2978 641 3033; x_wconf 92' lang='lat' dir='ltr'>et</span> <span class='ocrx_word' id='word_1_186' title='bbox 657 2977 780 3034; x_wconf 89' lang='lat' dir='ltr'>rectore</span> <span class='ocrx_word' id='word_1_187' title='bbox 796 2968 994 3045; x_wconf 83' lang='lat' dir='ltr'>firmandam,</span> <span class='ocrx_word' id='word_1_188' title='bbox 1009 2980 1040 3036; x_wconf 93' lang='lat' dir='ltr'>et</span> <span class='ocrx_word' id='word_1_189' title='bbox 1056 2971 1149 3036; x_wconf 87' lang='lat' dir='ltr'>etiarn</span> <span class='ocrx_word' id='word_1_190' title='bbox 1167 2972 1198 3035; x_wconf 92' lang='lat' dir='ltr'>in</span> <span class='ocrx_word' id='word_1_191' title='bbox 1214 2973 1403 3038; x_wconf 87' lang='lat' dir='ltr'>cancellaria</span> 
     </span>
     <span class='ocr_line' id='line_1_26' title="bbox 327 3067 768 3148; baseline 0 -18"><span class='ocrx_word' id='word_1_192' title='bbox 327 3067 508 3144; x_wconf 88' lang='lat' dir='ltr'>Brabantie,</span> <span class='ocrx_word' id='word_1_193' title='bbox 524 3069 551 3133; x_wconf 94' lang='lat' dir='ltr'>si</span> <span class='ocrx_word' id='word_1_194' title='bbox 565 3085 646 3148; x_wconf 89' lang='lat' dir='ltr'>opus</span> <span class='ocrx_word' id='word_1_195' title='bbox 662 3068 768 3133; x_wconf 90' lang='lat' dir='ltr'>fucrit.</span> 
     </span>
    </p>

    <p class='ocr_par' dir='ltr' id='par_1_3' title="bbox 324 3164 1418 3742">
     <span class='ocr_line' id='line_1_27' title="bbox 368 3164 1402 3252; baseline 0.006 -22"><span class='ocrx_word' id='word_1_196' title='bbox 368 3164 523 3242; x_wconf 84' lang='lat' dir='ltr'>Quantum</span> <span class='ocrx_word' id='word_1_197' title='bbox 547 3167 585 3230; x_wconf 91' lang='lat' dir='ltr'>ad</span> <span class='ocrx_word' id='word_1_198' title='bbox 609 3166 784 3231; x_wconf 90' lang='lat' dir='ltr'>secundum</span> <span class='ocrx_word' id='word_1_199' title='bbox 807 3166 989 3242; x_wconf 87' lang='lat' dir='ltr'>articulum,</span> <span class='ocrx_word' id='word_1_200' title='bbox 1007 3168 1125 3237; x_wconf 89' lang='lat' dir='ltr'>domini</span> <span class='ocrx_word' id='word_1_201' title='bbox 1142 3170 1335 3252; x_wconf 88' lang='lat' dir='ltr'>deputarunt</span> <span class='ocrx_word' id='word_1_202' title='bbox 1350 3171 1402 3236; x_wconf 93' lang='lat' dir='ltr'>do·</span> 
     </span>
     <span class='ocr_line' id='line_1_28' title="bbox 327 3265 1418 3351; baseline 0.006 -23"><span class='ocrx_word' id='word_1_203' title='bbox 327 3265 430 3330; x_wconf 91' lang='lat' dir='ltr'>minos</span> <span class='ocrx_word' id='word_1_204' title='bbox 456 3273 654 3346; x_wconf 86' lang='lat' dir='ltr'>receptorem</span> <span class='ocrx_word' id='word_1_205' title='bbox 678 3266 847 3341; x_wconf 89' lang='lat' dir='ltr'>facultatis,</span> <span class='ocrx_word' id='word_1_206' title='bbox 865 3267 1030 3348; x_wconf 83' lang='lat' dir='ltr'>syndicum</span> <span class='ocrx_word' id='word_1_207' title='bbox 1055 3268 1214 3333; x_wconf 90' lang='lat' dir='ltr'>facultatis</span> <span class='ocrx_word' id='word_1_208' title='bbox 1236 3278 1267 3334; x_wconf 92' lang='lat' dir='ltr'>et</span> <span class='ocrx_word' id='word_1_209' title='bbox 1284 3268 1418 3351; x_wconf 67' lang='lat' dir='ltr'>magis·⁴</span> 
     </span>
     <span class='ocr_line' id='line_1_29' title="bbox 325 3364 1400 3448; baseline 0.003 -18"><span class='ocrx_word' id='word_1_210' title='bbox 325 3373 409 3430; x_wconf 90' lang='lat' dir='ltr'>trum</span> <span class='ocrx_word' id='word_1_211' title='bbox 431 3364 581 3430; x_wconf 81' lang='lat' dir='ltr'>loannem</span> <span class='ocrx_word' id='word_1_212' title='bbox 606 3366 775 3440; x_wconf 86' lang='lat' dir='ltr'>Valerium,</span> <span class='ocrx_word' id='word_1_213' title='bbox 793 3365 844 3448; x_wconf 82' lang='lat' dir='ltr'>qui</span> <span class='ocrx_word' id='word_1_214' title='bbox 869 3368 1011 3448; x_wconf 87' lang='lat' dir='ltr'>sequenti</span> <span class='ocrx_word' id='word_1_215' title='bbox 1036 3367 1099 3443; x_wconf 87' lang='lat' dir='ltr'>die,</span> <span class='ocrx_word' id='word_1_216' title='bbox 1118 3383 1178 3433; x_wconf 89' lang='lat' dir='ltr'>una</span> <span class='ocrx_word' id='word_1_217' title='bbox 1197 3385 1269 3434; x_wconf 91' lang='lat' dir='ltr'>cum</span> <span class='ocrx_word' id='word_1_218' title='bbox 1286 3386 1400 3435; x_wconf 87' lang='lat' dir='ltr'>execu-</span> 
     </span>
     <span class='ocr_line' id='line_1_30' title="bbox 325 3463 1399 3554; baseline 0.005 -26"><span class='ocrx_word' id='word_1_219' title='bbox 325 3463 450 3554; x_wconf 92' lang='lat' dir='ltr'>toribus</span> <span class='ocrx_word' id='word_1_220' title='bbox 465 3475 496 3528; x_wconf 91' lang='lat' dir='ltr'>et</span> <span class='ocrx_word' id='word_1_221' title='bbox 512 3465 606 3528; x_wconf 92' lang='lat' dir='ltr'>unius</span> <span class='ocrx_word' id='word_1_222' title='bbox 621 3481 731 3529; x_wconf 93' lang='lat' dir='ltr'>eorum</span> <span class='ocrx_word' id='word_1_223' title='bbox 750 3476 957 3546; x_wconf 85' lang='lat' dir='ltr'>procuratore</span> <span class='ocrx_word' id='word_1_224' title='bbox 969 3478 1101 3549; x_wconf 89' lang='lat' dir='ltr'>propter</span> <span class='ocrx_word' id='word_1_225' title='bbox 1118 3468 1188 3549; x_wconf 78' lang='lat' dir='ltr'>eius</span> <span class='ocrx_word' id='word_1_226' title='bbox 1210 3468 1399 3545; x_wconf 89' lang='lat' dir='ltr'>absentiam,</span> 
     </span>
     <span class='ocr_line' id='line_1_31' title="bbox 325 3562 1400 3648; baseline 0.007 -22"><span class='ocrx_word' id='word_1_227' title='bbox 325 3579 433 3628; x_wconf 89' lang='lat' dir='ltr'>coram</span> <span class='ocrx_word' id='word_1_228' title='bbox 455 3563 595 3628; x_wconf 88' lang='lat' dir='ltr'>scabinis</span> <span class='ocrx_word' id='word_1_229' title='bbox 618 3562 725 3644; x_wconf 92' lang='lat' dir='ltr'>oppidi</span> <span class='ocrx_word' id='word_1_230' title='bbox 743 3563 950 3629; x_wconf 82' lang='lat' dir='ltr'>Lovaniensis</span> <span class='ocrx_word' id='word_1_231' title='bbox 966 3577 1200 3648; x_wconf 89' lang='lat' dir='ltr'>comparerent,</span> <span class='ocrx_word' id='word_1_232' title='bbox 1218 3577 1249 3633; x_wconf 90' lang='lat' dir='ltr'>et</span> <span class='ocrx_word' id='word_1_233' title='bbox 1264 3567 1308 3633; x_wconf 94' lang='lat' dir='ltr'>ibi</span> <span class='ocrx_word' id='word_1_234' title='bbox 1324 3585 1400 3635; x_wconf 90' lang='lat' dir='ltr'>cou-</span> 
     </span>
     <span class='ocr_line' id='line_1_32' title="bbox 324 3661 1184 3742; baseline 0.007 -17"><span class='ocrx_word' id='word_1_235' title='bbox 324 3671 450 3742; x_wconf 90' lang='lat' dir='ltr'>ceptum</span> <span class='ocrx_word' id='word_1_236' title='bbox 467 3661 639 3727; x_wconf 91' lang='lat' dir='ltr'>concordie</span> <span class='ocrx_word' id='word_1_237' title='bbox 655 3663 847 3728; x_wconf 80' lang='lat' dir='ltr'>authoritate</span> <span class='ocrx_word' id='word_1_238' title='bbox 863 3666 993 3730; x_wconf 89' lang='lat' dir='ltr'>senalus</span> <span class='ocrx_word' id='word_1_239' title='bbox 1009 3665 1184 3732; x_wconf 87' lang='lat' dir='ltr'>firmarent.</span> 
     </span>
    </p>

    <p class='ocr_par' dir='ltr' id='par_1_4' title="bbox 322 3759 1402 4348">
     <span class='ocr_line' id='line_1_33' title="bbox 366 3759 1399 3848; baseline 0.005 -23"><span class='ocrx_word' id='word_1_240' title='bbox 366 3759 522 3836; x_wconf 87' lang='lat' dir='ltr'>Quantum</span> <span class='ocrx_word' id='word_1_241' title='bbox 545 3762 583 3825; x_wconf 91' lang='lat' dir='ltr'>ad</span> <span class='ocrx_word' id='word_1_242' title='bbox 607 3762 735 3826; x_wconf 89' lang='lat' dir='ltr'>tertium</span> <span class='ocrx_word' id='word_1_243' title='bbox 751 3762 931 3840; x_wconf 89' lang='lat' dir='ltr'>articulum,</span> <span class='ocrx_word' id='word_1_244' title='bbox 949 3764 1068 3829; x_wconf 91' lang='lat' dir='ltr'>domini</span> <span class='ocrx_word' id='word_1_245' title='bbox 1085 3765 1278 3848; x_wconf 87' lang='lat' dir='ltr'>deputarunt</span> <span class='ocrx_word' id='word_1_246' title='bbox 1294 3767 1399 3848; x_wconf 85' lang='lat' dir='ltr'>provi-</span> 
     </span>
     <span class='ocr_line' id='line_1_34' title="bbox 324 3860 1400 3948; baseline 0.008 -24"><span class='ocrx_word' id='word_1_247' title='bbox 324 3875 417 3925; x_wconf 89' lang='lat' dir='ltr'>sores</span> <span class='ocrx_word' id='word_1_248' title='bbox 433 3860 599 3942; x_wconf 79' lang='lat' dir='ltr'>pedagogii</span> <span class='ocrx_word' id='word_1_249' title='bbox 616 3861 683 3925; x_wconf 86' lang='lat' dir='ltr'>lilii</span> <span class='ocrx_word' id='word_1_250' title='bbox 702 3880 760 3948; x_wconf 85' lang='lat' dir='ltr'>pro</span> <span class='ocrx_word' id='word_1_251' title='bbox 781 3863 843 3928; x_wconf 90' lang='lat' dir='ltr'>boc</span> <span class='ocrx_word' id='word_1_252' title='bbox 865 3879 961 3942; x_wconf 84' lang='lat' dir='ltr'>anno,</span> <span class='ocrx_word' id='word_1_253' title='bbox 978 3865 1031 3946; x_wconf 87' lang='lat' dir='ltr'>qui</span> <span class='ocrx_word' id='word_1_254' title='bbox 1051 3882 1122 3931; x_wconf 90' lang='lat' dir='ltr'>cum</span> <span class='ocrx_word' id='word_1_255' title='bbox 1139 3877 1268 3948; x_wconf 76' lang='lat' dir='ltr'>regente</span> <span class='ocrx_word' id='word_1_256' title='bbox 1284 3884 1400 3934; x_wconf 89' lang='lat' dir='ltr'>conve·</span> 
     </span>
     <span class='ocr_line' id='line_1_35' title="bbox 325 3959 1400 4049; baseline 0.01 -27"><span class='ocrx_word' id='word_1_257' title='bbox 325 3959 581 4034; x_wconf 91' lang='lat' dir='ltr'>niant‚domiuos</span> <span class='ocrx_word' id='word_1_258' title='bbox 598 3962 782 4040; x_wconf 68' lang='lat' dir='ltr'>magistrum</span> <span class='ocrx_word' id='word_1_259' title='bbox 800 3961 992 4028; x_wconf 80' lang='lat' dir='ltr'>ludovicum</span> <span class='ocrx_word' id='word_1_260' title='bbox 1007 3965 1072 4028; x_wconf 85' lang='lat' dir='ltr'>Van</span> <span class='ocrx_word' id='word_1_261' title='bbox 1089 3965 1221 4032; x_wconf 89' lang='lat' dir='ltr'>Germes</span> <span class='ocrx_word' id='word_1_262' title='bbox 1236 3975 1268 4032; x_wconf 93' lang='lat' dir='ltr'>et</span> <span class='ocrx_word' id='word_1_263' title='bbox 1284 3967 1400 4049; x_wconf 82' lang='lat' dir='ltr'>magis-</span> 
     </span>
     <span class='ocr_line' id='line_1_36' title="bbox 322 4058 1400 4147; baseline 0.009 -25"><span class='ocrx_word' id='word_1_264' title='bbox 322 4065 405 4123; x_wconf 89' lang='lat' dir='ltr'>trum</span> <span class='ocrx_word' id='word_1_265' title='bbox 433 4058 604 4124; x_wconf 88' lang='lat' dir='ltr'>llenricum</span> <span class='ocrx_word' id='word_1_266' title='bbox 632 4059 799 4126; x_wconf 84' lang='lat' dir='ltr'>liornltens</span> <span class='ocrx_word' id='word_1_267' title='bbox 822 4062 862 4127; x_wconf 93' lang='lat' dir='ltr'>de</span> <span class='ocrx_word' id='word_1_268' title='bbox 885 4061 981 4138; x_wconf 76' lang='lat' dir='ltr'>Belia,</span> <span class='ocrx_word' id='word_1_269' title='bbox 1006 4080 1098 4130; x_wconf 87' lang='lat' dir='ltr'>sacre</span> <span class='ocrx_word' id='word_1_270' title='bbox 1123 4065 1285 4147; x_wconf 79' lang='lat' dir='ltr'>theologie</span> <span class='ocrx_word' id='word_1_271' title='bbox 1304 4067 1400 4132; x_wconf 89' lang='lat' dir='ltr'>licen-</span> 
     </span>
     <span class='ocr_line' id='line_1_37' title="bbox 324 4157 1402 4240; baseline 0.006 -15"><span class='ocrx_word' id='word_1_272' title='bbox 324 4157 449 4236; x_wconf 90' lang='lat' dir='ltr'>tialum,</span> <span class='ocrx_word' id='word_1_273' title='bbox 477 4157 592 4240; x_wconf 82' lang='lat' dir='ltr'>quibus</span> <span class='ocrx_word' id='word_1_274' title='bbox 620 4159 711 4224; x_wconf 91' lang='lat' dir='ltr'>etiarn</span> <span class='ocrx_word' id='word_1_275' title='bbox 738 4161 880 4225; x_wconf 91' lang='lat' dir='ltr'>decanus</span> <span class='ocrx_word' id='word_1_276' title='bbox 905 4161 937 4225; x_wconf 94' lang='lat' dir='ltr'>in</span> <span class='ocrx_word' id='word_1_277' title='bbox 964 4179 1021 4227; x_wconf 86' lang='lat' dir='ltr'>sua</span> <span class='ocrx_word' id='word_1_278' title='bbox 1047 4164 1256 4231; x_wconf 88' lang='lat' dir='ltr'>conclusione</span> <span class='ocrx_word' id='word_1_279' title='bbox 1281 4167 1402 4232; x_wconf 92' lang='lat' dir='ltr'>addidit</span> 
     </span>
     <span class='ocr_line' id='line_1_38' title="bbox 327 4256 1402 4348; baseline 0.004 -23"><span class='ocrx_word' id='word_1_280' title='bbox 327 4257 513 4342; x_wconf 74' lang='lat' dir='ltr'>magistrum</span> <span class='ocrx_word' id='word_1_281' title='bbox 537 4256 689 4326; x_wconf 84' lang='lat' dir='ltr'>loannem</span> <span class='ocrx_word' id='word_1_282' title='bbox 716 4256 854 4325; x_wconf 86' lang='lat' dir='ltr'>Planson</span> <span class='ocrx_word' id='word_1_283' title='bbox 881 4276 897 4324; x_wconf 88' lang='lat' dir='ltr'>a</span> <span class='ocrx_word' id='word_1_284' title='bbox 922 4259 1040 4340; x_wconf 81' lang='lat' dir='ltr'>licaeo,</span> <span class='ocrx_word' id='word_1_285' title='bbox 1064 4261 1116 4344; x_wconf 89' lang='lat' dir='ltr'>qui</span> <span class='ocrx_word' id='word_1_286' title='bbox 1133 4263 1237 4346; x_wconf 84' lang='lat' dir='ltr'>aliqua</span> <span class='ocrx_word' id='word_1_287' title='bbox 1252 4264 1402 4348; x_wconf 73' lang='lat' dir='ltr'>suffragia</span> 
     </span>
    </p>
   </div>
   <div class='ocr_carea' id='block_1_3' title="bbox 0 0 1570 4953">
    <p class='ocr_par' dir='ltr' id='par_1_5' title="bbox 0 0 1570 4953">
     <span class='ocr_line' id='line_1_39' title="bbox 0 0 1570 4953; baseline 0 0"><span class='ocrx_word' id='word_1_288' title='bbox 0 0 1570 4953; x_wconf 95' lang='lat' dir='ltr'> </span> 
     </span>
    </p>
   </div>
  </div>
 </body>
</html>
