3252 4954
711 461 896 526 ..435-

300 643 335 708 Et
351 651 384 707 ut
398 642 441 707 sit
457 643 662 724 parvulorum
678 643 716 707 ad
730 643 891 710 Christum
907 641 1076 708 adductiva
1091 649 1123 706 et
1139 639 1345 722 perfectionis

258 742 291 806 in
336 741 560 821 temporalium
597 749 782 823 contemptu
822 741 1060 825 quodammodo
1100 738 1345 814 introductoria,

253 858 372 906 omnes
388 840 436 904 sic
459 839 491 904 iu
508 839 670 905 communi
693 841 812 912 vivant.
831 843 916 923 quod
932 857 1046 906 omnes
1069 848 1257 920 proventus,
1275 837 1346 901 red·

253 939 345 1004 ditus
374 940 599 1021 eleemosynae
628 949 659 1004 et
688 941 847 1015 laborum,
882 941 950 1006 sive
980 941 1013 1003 in
1043 939 1184 1020 regentia
1215 937 1283 1000 siue
1313 936 1345 998 in

259 1038 405 1104 dicendis
421 1037 527 1102 Missis
542 1047 574 1103 et
588 1037 717 1114 officiis,
731 1039 843 1105 aliisve
858 1039 1013 1105 oneribus
1028 1047 1060 1102 et
1075 1036 1249 1110 exercitiis,
1264 1051 1347 1110 mer,-

258 1139 357 1203 oedes
372 1147 403 1204 et
420 1137 650 1204 retributiones
667 1139 697 1202 in
713 1140 875 1205 communi
892 1149 1100 1219 reponantur,
1118 1137 1160 1200 ita
1184 1134 1269 1218 quod
1286 1133 1347 1200 sub

184 1265 188 1274 ·
257 1237 423 1302 coloribus
446 1237 629 1310 bursarum,
655 1239 892 1319 stipendiorum
915 1245 969 1302 aut
990 1237 1074 1311 aliis,
1093 1235 1200 1300 nullus
1223 1233 1284 1299 sibi
1307 1233 1347 1298 de

256 1335 308 1400 his
322 1336 493 1418 quicquam
508 1338 718 1418 appropriare
742 1339 863 1412 valeam
881 1337 938 1402 sed
954 1353 1069 1402 omnes
1095 1351 1133 1400 ex
1150 1335 1200 1400 his
1226 1334 1348 1430 victum

249 1450 463 1500 communem
494 1431 643 1510 habeant,
674 1447 705 1502 et
735 1447 842 1520 togam
872 1437 1008 1502 similem
1042 1451 1115 1500 cum
1145 1435 1284 1515 caputio,
1316 1435 1349 1496 s¹

251 1534 391 1598 facultas
418 1533 576 1599 bonorum
603 1537 821 1601 communium
848 1537 932 1602 serre
958 1535 1075 1608 valeat;
1103 1534 1243 1615 alioquin
1269 1540 1343 1596 autc

251 1633 437 1716 ingressum
468 1633 530 1698 sibi
559 1635 640 1716 ipsis
675 1637 716 1700 de
745 1637 799 1700 tali
831 1635 937 1700 habitu
973 1634 1172 1716 provideant,
1203 1631 1342 1712 demptis

254 1731 421 1814 magistro,
437 1743 655 1813 procuratore,
673 1733 896 1800 sacerdotibus
911 1733 1027 1798 ldisscs
1040 1749 1099 1814 pro
1114 1731 1343 1797 communitate

253 1829 493 1897 celebrantibus
517 1841 549 1897 et
577 1843 649 1896 actu
680 1833 886 1914 regentibus:
914 1833 1032 1915 quibus
1063 1843 1213 1912 tanquam
1243 1845 1344 1894 onera

257 1930 435 1995 terentibus
447 1933 488 1995 de
503 1930 654 1996 omnibus
666 1949 779 1997 eorum
793 1931 953 1998 similibus
966 1941 999 1997 et
1015 1931 1102 1996 tenui
1118 1929 1216 1996 victui
1234 1944 1346 1992 neces-

257 2027 364 2103 sariis,
392 2038 490 2111 prout
525 2029 658 2095 facultas
693 2040 843 2114 suppetet
880 2041 912 2096 ct
951 2030 1117 2113 proportio
1151 2027 1347 2094 conditionis

257 2126 374 2210 exiget,
391 2129 531 2194 sollicite
554 2130 771 2210 provideatur.
791 2131 874 2207 Quin
897 2131 965 2196 imo
980 2130 1098 2195 bursae
1120 2129 1158 2193 ad
1175 2143 1347 2193 conserva-

252 2227 376 2292 tionem
399 2227 660 2294 baccalaureatus
683 2229 810 2295 lormati
834 2229 1020 2312 requisitae,
1038 2245 1097 2308 pro
1112 2227 1229 2294 talibus
1251 2227 1344 2290 dum·

254 2335 342 2392 taxat
355 2323 494 2399 idoneis,
513 2337 545 2392 et
568 2345 625 2409 per
651 2328 854 2394 visitatorem*
875 2338 908 2394 et
924 2329 1113 2410 magistrum
1139 2337 1171 2392 et
1186 2327 1346 2393 discretos

248 2424 295 2489 ad
320 2424 382 2490 hcc
404 2425 577 2501 admissos,
595 2445 633 2492 cx
660 2429 822 2493 communi
839 2429 964 2493 aerario
992 2427 1226 2508 persolvantur.
1243 2427 1282 2491 Et
1304 2443 1346 2492 ue

256 2525 420 2604 praedicta
443 2541 542 2590 onera
566 2535 698 2608 proptor
721 2527 803 2592 hanc
828 2527 1020 2608 prohibitam
1045 2526 1205 2592 mercedis
1229 2541 1347 2605 appro

255 2622 446 2703 priationem
473 2623 642 2705 quisquam
669 2625 753 2690 terre
782 2633 920 2700 recuset,
949 2633 1095 2691 teneatur
1124 2624 1346 2705 unusquisque

253 2736 355 2786 onera
378 2723 468 2795 haec,
492 2722 617 2788 scilicet
641 2724 814 2805 cogentiae,
838 2723 1026 2798 sacerdotii,
1043 2722 1144 2786 aliave
1166 2721 1345 2786 communi-

249 2819 329 2884 tatis
344 2820 450 2885 ohicia
466 2832 498 2886 et
517 2823 675 2898 sarcinas,
692 2840 710 2886 a
726 2823 951 2904 superioribus
975 2821 1154 2902 impositas,
1171 2837 1296 2902 gerere,
1308 2829 1345 2886 ot

251 2919 292 2983 ad
309 2919 493 3000 hujusmodi
510 2939 645 2986 onerum
661 2923 897 2997 executionem,
916 2921 1087 2986 mandante
1107 2921 1289 3002 superiore,
1305 2936 1343 2985 se

251 3015 440 3098 disponere.

294 3116 332 3181 Et
358 3127 518 3198 quatenus
549 3119 601 3184 hic
632 3121 887 3186 introductorius
920 3121 958 3184 ad
989 3119 1155 3202 religionis
1191 3119 1342 3184 lerundas

248 3215 463 3282 arctitudines
489 3219 723 3284 assuefactione
750 3220 900 3285 modulus
930 3221 973 3284 sit
1002 3220 1041 3283 ad
1069 3219 1182 3300 jugum
1213 3218 1342 3282 bomini

248 3312 420 3379 delendum
444 3316 631 3392 initiativus,
657 3327 688 3382 et
714 3327 747 3382 ut
770 3319 911 3383 animum
936 3319 1130 3383 transierant
1151 3318 1190 3381 ad
1214 3317 1343 3398 sapien-

249 3411 339 3486 tiam,
367 3429 482 3479 omnes
510 3431 527 3479 a
557 3416 709 3481 carnibus
744 3427 776 3481 et
804 3417 880 3481 uino
911 3418 1104 3492 abstineant,
1136 3416 1341 3481 studentibus

248 3521 356 3577 tamen
380 3513 411 3576 in
430 3515 589 3597 theologia
612 3523 645 3582 et
667 3516 903 3592 sacerdotibus,
921 3517 994 3581 vino
1017 3533 1129 3581 carere
1151 3531 1215 3580 uon
1231 3516 1340 3580 volen-

249 3608 337 3674 tibus
365 3611 416 3676 vel
448 3630 512 3678 non
541 3615 734 3691 valentibus,
765 3615 893 3681 modico
922 3616 987 3679 vini
1017 3615 1190 3696 permisso.
1221 3614 1340 3680 Omnes

250 3706 383 3790 insuper
398 3710 436 3774 ad
454 3723 639 3778 sanctorum
658 3713 882 3795 mysteriorum
900 3713 1079 3778 habendam
1098 3713 1338 3794 intelligentiam

250 3815 282 3872 et
304 3807 421 3886 lucem,
440 3827 554 3892 panem
578 3822 609 3877 et
631 3829 725 3878 escas
749 3812 993 3886 desiderabiles,
1010 3812 1165 3876 delicatas
1191 3820 1245 3876 aut
1271 3829 1340 3892 pre·

250 3905 363 3982 tiosas,
389 3925 452 3973 non
475 3923 642 3990 ottaeraut.
660 3909 709 3986 Et,
728 3927 767 3976 ne
791 3927 921 3976 sursum
946 3911 1091 3976 elevandi
1114 3910 1248 3992 spiritus
1270 3910 1340 3976 aleo

245 4013 391 4083 careant,
418 4025 533 4073 omnes
559 4010 741 4074 alternatim
770 4010 801 4073 in
829 4019 967 4092 quatuor
993 4017 1101 4090 partes
1123 4009 1230 4084 divisi,
1251 4009 1340 4091 juxta

249 4104 370 4168 mensis
398 4105 521 4172 lunaris
548 4119 687 4189 quatuor
712 4107 942 4184 hebdomadas,
963 4107 1054 4187 prius
1079 4117 1157 4172 tunc
1182 4108 1336 4184 confessi,

245 4198 328 4266 hora
355 4205 479 4270 mediae
508 4207 614 4272 noctis
640 4208 678 4270 ad
709 4208 808 4272 horas
834 4206 1009 4272 canonicas
1034 4207 1212 4273 secundum
1243 4225 1337 4274 usum
