3252 4954
745 503 786 514 -—
808 468 872 531 ate
893 503 933 515 α

294 645 517 712 Perrcnottum
529 649 787 724 Grarrvetlauunr.
798 657 909 730 postea
921 663 1031 713 sacrae
1043 647 1205 712 Remorum
1218 647 1382 712 Ecclesiae

293 744 487 810 cardinalem
513 757 608 829 atque
635 746 770 828 primum
798 747 1078 829 archiepiscopum
1103 746 1381 822 mechliniensem,

294 853 360 908 turn
383 841 543 910 celebrem
567 845 655 910 illum
678 845 831 911 loarnrern
849 845 993 912 isaacum
1018 844 1169 919 Leritem,
1188 861 1282 926 quem
1302 861 1383 916 ¹neo·

294 943 424 1024 pbytum
440 943 650 1009 clnistisnum
668 945 780 1021 (tuerat
796 946 882 1010 enim
898 944 1046 1025 judaeus)
1065 960 1081 1008 a
1101 943 1271 1009 Perenotto
1286 943 1382 1008 bovu-

294 1042 381 1107 uium
404 1043 553 1120 accitum,
571 1044 754 1109 Amerotius
778 1061 841 1109 non
868 1043 1060 1125 perfectiore
1083 1042 1246 1108 dumtaxat
1266 1041 1383 1108 latinae

294 1142 422 1222 linguae
444 1141 569 1217 notitia,
590 1142 647 1207 sed
670 1153 702 1207 et
724 1143 854 1207 salutari
878 1141 1054 1207 catholicae
1077 1142 1244 1206 doetrinae
1270 1140 1382 1206 notitia

295 1240 418 1314 imbuit,
447 1249 512 1304 tum
539 1251 570 1306 et
599 1241 680 1306 alios
707 1242 825 1306 multos
856 1241 1061 1322 postmodum
1092 1241 1258 1306 doctrinae
1288 1239 1382 1304 laude

295 1339 451 1421 insignes.
469 1339 638 1405 Praeterea
661 1341 763 1406 sacris
786 1358 913 1422 quaeue
937 1339 1149 1406 concionibus
1171 1339 1327 1414 incubuit,
1345 1357 1382 1402 nc

294 1437 432 1520 singuiis
458 1437 573 1504 dicbus
601 1439 771 1506 dominicis
798 1439 829 1504 in
857 1441 927 1504 aula
954 1439 1225 1520 Augustianorum
1251 1437 1381 1503 biennio

295 1537 391 1602 verba
404 1537 443 1602 ad
458 1539 579 1604 clerum
596 1539 718 1604 babuit.
732 1539 828 1605 'leste
840 1539 986 1614 decemo,
1002 1537 1070 1610 (lib.
1083 1535 1195 1612 livill,
1210 1537 1305 1618 epist.
1320 1535 1381 1614 lb)

296 1637 354 1702 tuit
374 1637 453 1700 «vir
475 1647 602 1720 praeter
623 1649 767 1704 exactam
792 1639 957 1720 utriusque
973 1637 1158 1702 literaturae
1182 1635 1328 1718 peritiam
1351 1645 1382 1700 et

299 1759 312 1795 u
329 1735 552 1818 philosophiae
562 1753 694 1818 grisros.
709 1738 832 1819 etjuris
844 1737 987 1802 caesarei
1002 1753 1065 1801 non
1079 1736 1222 1817 laruatus,
1238 1733 1381 1800 moribus

299 1857 312 1892 n
330 1833 411 1899 mire
432 1835 589 1902 carrdidis.
607 1863 622 1891 ι
649 1835 733 1902 Obiit
754 1835 883 1903 Lovanii
901 1835 940 1900 tt
959 1834 1096 1916 januarii
1121 1833 1218 1910 taem
1236 1833 1381 1914 sepultus

296 1932 327 1995 in
344 1933 481 2000 eeclesia
495 1935 590 2012 divae
612 1936 790 2004 Gertrudis.
811 1936 944 2000 llultum
961 1935 1046 2000 aeris
1068 1951 1106 2000 ac
1121 1935 1277 1998 bonorum
1295 1933 1381 2013 lega·

296 2041 385 2095 rarat
413 2033 583 2102 condendo
612 2035 750 2118 collegio
780 2035 974 2116 theologico,
1006 2033 1062 2098 sed
1094 2033 1135 2098 de
1163 2033 1215 2096 bis
1244 2031 1381 2113 amptius

290 2146 400 2222 'annos
416 2129 525 2213 viginti
541 2133 699 2214 litigatum
715 2141 775 2208 cst,
793 2149 853 2197 nec
869 2131 944 2216 quid
961 2131 1035 2198 iude
1051 2130 1090 2195 ad
1106 2130 1274 2212 theologos
1292 2139 1382 2194 esset

299 2239 524 2308 perventurum
541 2231 723 2297 adlrucdum
741 2229 903 2296 sciebatur
917 2248 1002 2295 arurae
1018 2229 1109 2294 tatu.
1162 2233 1163 2236 ’

338 2327 471 2410 Scripsit
501 2333 708 2396 elmerotius:
734 2333 764 2396 1.
790 2321 1008 2413 tlompeetrlium
1035 2347 1137 2411 uruca
1165 2330 1379 2410 orumrnctiees

296 2429 458 2508 persuicuc
473 2429 619 2494 breuitate
639 2431 836 2512 conculcemus
857 2431 1002 2513 quicquid
1017 2439 1064 2494 est
1077 2437 1141 2493 octo
1161 2428 1296 2510 certium
1315 2443 1382 2488 ora-

292 2527 402 2592 tionis.
420 2525 562 2601 Lanuuii,
580 2531 662 2610 :apud
679 2529 913 2594 ‘lbeodorieum
932 2529 1070 2603 bertini,
1088 2527 1185 2601 1510;
1203 2525 1267 2601 vel,
1285 2524 1380 2588 in·l⁰.

300 2627 387 2692 -1,
411 2629 457 2693 Dc
483 2629 621 2693 dialectis
646 2631 775 2694 diuersis
797 2629 1033 2694 declinationum
1053 2627 1302 2710 aroceouicorum
1321 2631 1382 2688 tum

293 2725 332 2789 'tn
361 2725 459 2790 scibis
488 2747 578 2810 ortatu
609 2729 793 2806 tennioribus,
822 2747 860 2793 ea
890 2730 1034 2794 Corintho
1063 2735 1090 2791 et
1119 2727 1201 2800 aliis,
1228 2725 1383 2788 collectore

299 2825 462 2889 Hadriane
477 2829 646 2891 Ammattu.
666 2827 808 2893 Lutetiae
824 2827 1031 2900 Parisiorum,
1049 2825 1166 2889 Christ.
1184 2823 1381 2897 Weulrelius

298 2923 395 2998 taam
423 2925 486 2988 vel.
516 2925 614 2998 in-8⁰;
643 2942 791 2991 recusum
820 2927 851 2989 in
875 2927 986 2990 eadem
1011 2923 1089 2989 urbe
1111 2924 1195 3004 tynis
1219 2921 1383 2986 btielraelis

298 3021 461 3086 vascosan
478 3040 563 3088 erano
576 3023 656 3088 1536
674 3043 737 3089 uno
749 3025 910 3090 volumine
923 3023 1015 3088 in·8⁰.
1033 3021 1186 3097 Erronee‚
1201 3032 1234 3086 ut
1246 3021 1380 3093 videtur,

298 3121 402 3184 innuit
417 3120 564 3186 Valerius
576 3123 722 3188 Andreas
739 3123 901 3204 posterius
917 3124 978 3187 bec
993 3121 1185 3201 eerrsculum
1202 3131 1293 3185 arrtea
1312 3136 1381 3198 pro-

295 3218 399 3284 diisse
434 3219 577 3298 bersarii,
607 3223 690 3301 auud
727 3222 960 3287 Theodericum
991 3219 1209 3294 blar·tini,nisi
1239 3218 1382 3282 indicare

207 3359 212 3368 ·
295 3318 437 3382 voluerit
457 3319 605 3384 ultimum
630 3321 922 3402 cauuteonpcnctt
945 3337 1051 3401 orcae
1074 3321 1301 3400 orcmmntr'ccs,
1329 3315 1380 3380 cui

299 3416 433 3481 titulus:
450 3419 496 3481 Dc
507 3419 764 3482 declinationibus
779 3428 808 3482 et
827 3418 1091 3500 continuationibus
1102 3419 1206 3499 orcas
1216 3416 1383 3484 secundant

298 3518 386 3580 sarta
417 3519 577 3594 tdinrnuta,
607 3519 692 3599 quod
718 3535 831 3584 rnorem
856 3519 1054 3598 posteriores
1077 3517 1208 3598 uaginae
1230 3512 1382 3580 editionis

298 3613 489 3680 Theoderici
506 3616 630 3682 liertiui
647 3626 794 3696 occupat.

342 3711 387 3778 lle
402 3713 566 3780 Amerotio
582 3714 739 3796 prolixius
758 3714 824 3796 agit
839 3714 874 3778 1.
891 3716 987 3790 llere,
1004 3731 1058 3796 op.
1074 3715 1144 3788 cit..
1162 3729 1215 3794 pp.
1232 3710 1381 3782 11119111.

294 3811 417 3876 atnoe
1340 3847 1342 3852 ,
1372 3855 1376 3868 .

342 3975 373 4042 3.
390 3981 600 4044 tneooomous
613 3979 753 4058 tuncrus,
765 3978 980 4044 Encbusauus
991 3975 1141 4050 Batavus,
1154 3975 1266 4042 decem
1282 3989 1388 4038 anuos

303 4071 491 4159 Burdigalae
513 4079 596 4160 apud
614 4077 723 4146 Gallos
745 4094 879 4162 graecas
902 4077 1070 4172 protessus
1093 4075 1204 4140 literas
1221 4084 1253 4138 et
1275 4071 1385 4158 erudi·

303 4184 409 4241 torum
436 4177 467 4240 in
495 4177 550 4242 illo
576 4188 677 4244 tractu
704 4178 870 4244 bantinum
896 4175 1035 4242 amicitia
1064 4175 1183 4248 clarus,
1211 4172 1385 4268 Lucaniam
