<?xml version="1.0" encoding="UTF-8"?>
<!DOCTYPE html PUBLIC "-//W3C//DTD XHTML 1.0 Transitional//EN"
    "http://www.w3.org/TR/xhtml1/DTD/xhtml1-transitional.dtd">
<html xmlns="http://www.w3.org/1999/xhtml" xml:lang="en" lang="en">
 <head>
  <title>
</title>
<meta http-equiv="Content-Type" content="text/html;charset=utf-8" />
  <meta name='ocr-system' content='tesseract 3.04.00' />
  <meta name='ocr-capabilities' content='ocr_page ocr_carea ocr_par ocr_line ocrx_word'/>
</head>
<body>
  <div class='ocr_page' id='page_1' title='image "./documentsrelati01reusgoog/documentsrelati01reusgoog_0429.png"; bbox 0 0 3222 4950; ppageno 0'>
   <div class='ocr_carea' id='block_1_1' title="bbox 743 409 928 473">
    <p class='ocr_par' dir='ltr' id='par_1_1' title="bbox 743 409 928 473">
     <span class='ocr_line' id='line_1_1' title="bbox 743 409 928 473; baseline 0.011 -2"><span class='ocrx_word' id='word_1_1' title='bbox 743 409 928 473; x_wconf 77' lang='lat' dir='ltr'><strong>-ttt-</strong></span> 
     </span>
    </p>
   </div>
   <div class='ocr_carea' id='block_1_2' title="bbox 270 589 1443 3838">
    <p class='ocr_par' dir='ltr' id='par_1_2' title="bbox 285 589 1380 1860">
     <span class='ocr_line' id='line_1_2' title="bbox 288 589 1378 674; baseline 0.003 -21"><span class='ocrx_word' id='word_1_2' title='bbox 288 593 320 656; x_wconf 94' lang='lat' dir='ltr'><strong>in</strong></span> <span class='ocrx_word' id='word_1_3' title='bbox 335 589 477 673; x_wconf 75' lang='lat' dir='ltr'><strong>generali</strong></span> <span class='ocrx_word' id='word_1_4' title='bbox 492 591 608 655; x_wconf 93' lang='lat' dir='ltr'><strong>artium</strong></span> <span class='ocrx_word' id='word_1_5' title='bbox 634 591 846 671; x_wconf 79' lang='lat' dir='ltr'>promotione,</span> <span class='ocrx_word' id='word_1_6' title='bbox 864 609 957 674; x_wconf 86' lang='lat' dir='ltr'><strong>quae,</strong></span> <span class='ocrx_word' id='word_1_7' title='bbox 976 593 1017 656; x_wconf 90' lang='lat' dir='ltr'><strong>oh</strong></span> <span class='ocrx_word' id='word_1_8' title='bbox 1032 603 1231 674; x_wconf 79' lang='lat' dir='ltr'><strong>grassantem</strong></span> <span class='ocrx_word' id='word_1_9' title='bbox 1257 601 1378 672; x_wconf 87' lang='lat' dir='ltr'><strong>pestem</strong></span> 
     </span>
     <span class='ocr_line' id='line_1_3' title="bbox 286 689 1378 772; baseline 0.002 -20"><span class='ocrx_word' id='word_1_10' title='bbox 286 690 444 770; x_wconf 76' lang='lat' dir='ltr'><strong>tantisper</strong></span> <span class='ocrx_word' id='word_1_11' title='bbox 464 689 574 762; x_wconf 91' lang='lat' dir='ltr'><strong>dilata,</strong></span> <span class='ocrx_word' id='word_1_12' title='bbox 593 706 656 754; x_wconf 92' lang='lat' dir='ltr'><strong>non</strong></span> <span class='ocrx_word' id='word_1_13' title='bbox 671 690 731 754; x_wconf 89' lang='lat' dir='ltr'><strong>nisi</strong></span> <span class='ocrx_word' id='word_1_14' title='bbox 746 691 932 772; x_wconf 72' lang='lat' dir='ltr'><strong>idjanuarii</strong></span> <span class='ocrx_word' id='word_1_15' title='bbox 950 691 1022 755; x_wconf 90' lang='lat' dir='ltr'><strong>anni</strong></span> <span class='ocrx_word' id='word_1_16' title='bbox 1041 701 1206 772; x_wconf 78' lang='lat' dir='ltr'><strong>sequentis</strong></span> <span class='ocrx_word' id='word_1_17' title='bbox 1218 691 1378 756; x_wconf 86' lang='lat' dir='ltr'><strong>celebrata</strong></span> 
     </span>
     <span class='ocr_line' id='line_1_4' title="bbox 287 788 1379 872; baseline 0.002 -20"><span class='ocrx_word' id='word_1_18' title='bbox 287 789 356 864; x_wconf 88' lang='lat' dir='ltr'><strong>luit,</strong></span> <span class='ocrx_word' id='word_1_19' title='bbox 371 790 503 868; x_wconf 86' lang='lat' dir='ltr'><strong>primus.</strong></span> <span class='ocrx_word' id='word_1_20' title='bbox 518 788 639 852; x_wconf 80' lang='lat' dir='ltr'>Exinde</span> <span class='ocrx_word' id='word_1_21' title='bbox 650 789 689 852; x_wconf 91' lang='lat' dir='ltr'><strong>ad</strong></span> <span class='ocrx_word' id='word_1_22' title='bbox 706 791 848 855; x_wconf 91' lang='lat' dir='ltr'><strong>studium</strong></span> <span class='ocrx_word' id='word_1_23' title='bbox 862 791 944 872; x_wconf 84' lang='lat' dir='ltr'><strong>juris</strong></span> <span class='ocrx_word' id='word_1_24' title='bbox 959 790 1126 870; x_wconf 85' lang='lat' dir='ltr'><strong>utriusque</strong></span> <span class='ocrx_word' id='word_1_25' title='bbox 1138 791 1264 854; x_wconf 86' lang='lat' dir='ltr'><strong>transiit</strong></span> <span class='ocrx_word' id='word_1_26' title='bbox 1277 791 1379 854; x_wconf 90' lang='lat' dir='ltr'><strong>alum-</strong></span> 
     </span>
     <span class='ocr_line' id='line_1_5' title="bbox 287 887 1378 968; baseline 0.003 -19"><span class='ocrx_word' id='word_1_27' title='bbox 287 905 347 954; x_wconf 90' lang='lat' dir='ltr'><strong>nus</strong></span> <span class='ocrx_word' id='word_1_28' title='bbox 363 887 490 968; x_wconf 72' lang='lat' dir='ltr'><strong>«collegii</strong></span> <span class='ocrx_word' id='word_1_29' title='bbox 507 887 609 951; x_wconf 91' lang='lat' dir='ltr'><strong>saneti</strong></span> <span class='ocrx_word' id='word_1_30' title='bbox 627 887 747 962; x_wconf 88' lang='lat' dir='ltr'><strong>lvonis,</strong></span> <span class='ocrx_word' id='word_1_31' title='bbox 765 890 815 953; x_wconf 88' lang='lat' dir='ltr'><strong>cui</strong></span> <span class='ocrx_word' id='word_1_32' title='bbox 834 899 909 953; x_wconf 90' lang='lat' dir='ltr'><strong>tuno</strong></span> <span class='ocrx_word' id='word_1_33' title='bbox 925 899 1071 968; x_wconf 77' lang='lat' dir='ltr'><strong>praeerat</strong></span> <span class='ocrx_word' id='word_1_34' title='bbox 1086 888 1238 953; x_wconf 91' lang='lat' dir='ltr'><strong>dominus</strong></span> <span class='ocrx_word' id='word_1_35' title='bbox 1256 889 1378 952; x_wconf 88' lang='lat' dir='ltr'><strong>Natalis</strong></span> 
     </span>
     <span class='ocr_line' id='line_1_6' title="bbox 285 985 1375 1067; baseline -0.003 -15"><span class='ocrx_word' id='word_1_36' title='bbox 285 987 443 1059; x_wconf 84' lang='lat' dir='ltr'><strong>Chamart,</strong></span> <span class='ocrx_word' id='word_1_37' title='bbox 472 985 555 1066; x_wconf 76' lang='lat' dir='ltr'><strong>iuris</strong></span> <span class='ocrx_word' id='word_1_38' title='bbox 584 985 751 1067; x_wconf 90' lang='lat' dir='ltr'><strong>utriusque</strong></span> <span class='ocrx_word' id='word_1_39' title='bbox 775 987 890 1052; x_wconf 92' lang='lat' dir='ltr'><strong>doctor</strong></span> <span class='ocrx_word' id='word_1_40' title='bbox 915 997 946 1050; x_wconf 92' lang='lat' dir='ltr'><strong>et</strong></span> <span class='ocrx_word' id='word_1_41' title='bbox 973 996 1162 1051; x_wconf 84' lang='lat' dir='ltr'><strong>antecessor</strong></span> <span class='ocrx_word' id='word_1_42' title='bbox 1191 987 1375 1066; x_wconf 88' lang='lat' dir='ltr'><strong>primarius.</strong></span> 
     </span>
     <span class='ocr_line' id='line_1_7' title="bbox 286 1083 1375 1166; baseline 0 -18"><span class='ocrx_word' id='word_1_43' title='bbox 286 1085 374 1156; x_wconf 89' lang='lat' dir='ltr'><strong>indo,</strong></span> <span class='ocrx_word' id='word_1_44' title='bbox 393 1093 465 1164; x_wconf 89' lang='lat' dir='ltr'><strong>post</strong></span> <span class='ocrx_word' id='word_1_45' title='bbox 480 1083 666 1157; x_wconf 88' lang='lat' dir='ltr'><strong>triennium,</strong></span> <span class='ocrx_word' id='word_1_46' title='bbox 684 1095 836 1149; x_wconf 88' lang='lat' dir='ltr'><strong>evocatur</strong></span> <span class='ocrx_word' id='word_1_47' title='bbox 851 1085 888 1148; x_wconf 94' lang='lat' dir='ltr'><strong>ad</strong></span> <span class='ocrx_word' id='word_1_48' title='bbox 906 1085 1091 1149; x_wconf 85' lang='lat' dir='ltr'><strong>cathedram</strong></span> <span class='ocrx_word' id='word_1_49' title='bbox 1118 1085 1375 1166; x_wconf 78' lang='lat' dir='ltr'><strong>philosophicam</strong></span> 
     </span>
     <span class='ocr_line' id='line_1_8' title="bbox 286 1181 1372 1264; baseline 0.002 -20"><span class='ocrx_word' id='word_1_50' title='bbox 286 1185 317 1246; x_wconf 94' lang='lat' dir='ltr'><strong>in</strong></span> <span class='ocrx_word' id='word_1_51' title='bbox 334 1183 532 1264; x_wconf 82' lang='lat' dir='ltr'><strong>paedagogio</strong></span> <span class='ocrx_word' id='word_1_52' title='bbox 546 1181 706 1255; x_wconf 82' lang='lat' dir='ltr'><strong>Falconis,</strong></span> <span class='ocrx_word' id='word_1_53' title='bbox 721 1183 751 1246; x_wconf 94' lang='lat' dir='ltr'><strong>in</strong></span> <span class='ocrx_word' id='word_1_54' title='bbox 768 1201 830 1263; x_wconf 92' lang='lat' dir='ltr'><strong>qua</strong></span> <span class='ocrx_word' id='word_1_55' title='bbox 847 1184 987 1248; x_wconf 87' lang='lat' dir='ltr'><strong>sedecim</strong></span> <span class='ocrx_word' id='word_1_56' title='bbox 1001 1183 1236 1248; x_wconf 88' lang='lat' dir='ltr'><strong>circiternnnis</strong></span> <span class='ocrx_word' id='word_1_57' title='bbox 1252 1184 1372 1248; x_wconf 90' lang='lat' dir='ltr'><strong>docuit.</strong></span> 
     </span>
     <span class='ocr_line' id='line_1_9' title="bbox 286 1283 1380 1363; baseline 0 -17"><span class='ocrx_word' id='word_1_58' title='bbox 286 1283 419 1346; x_wconf 81' lang='lat' dir='ltr'><strong>Tantum</strong></span> <span class='ocrx_word' id='word_1_59' title='bbox 436 1299 512 1346; x_wconf 88' lang='lat' dir='ltr'><strong>vero</strong></span> <span class='ocrx_word' id='word_1_60' title='bbox 526 1283 595 1362; x_wconf 93' lang='lat' dir='ltr'><strong>ipse</strong></span> <span class='ocrx_word' id='word_1_61' title='bbox 611 1283 641 1345; x_wconf 93' lang='lat' dir='ltr'><strong>in</strong></span> <span class='ocrx_word' id='word_1_62' title='bbox 658 1283 813 1347; x_wconf 87' lang='lat' dir='ltr'><strong>honarum</strong></span> <span class='ocrx_word' id='word_1_63' title='bbox 831 1284 947 1348; x_wconf 88' lang='lat' dir='ltr'><strong>artium</strong></span> <span class='ocrx_word' id='word_1_64' title='bbox 965 1285 1121 1363; x_wconf 87' lang='lat' dir='ltr'><strong>palaestra</strong></span> <span class='ocrx_word' id='word_1_65' title='bbox 1139 1283 1304 1363; x_wconf 78' lang='lat' dir='ltr'><strong>proiecere</strong></span> <span class='ocrx_word' id='word_1_66' title='bbox 1312 1293 1333 1356; x_wconf 92' lang='lat' dir='ltr'><strong>t,</strong></span> <span class='ocrx_word' id='word_1_67' title='bbox 1347 1295 1380 1346; x_wconf 96' lang='lat' dir='ltr'><strong>ut</strong></span> 
     </span>
     <span class='ocr_line' id='line_1_10' title="bbox 286 1381 1375 1464; baseline -0.001 -19"><span class='ocrx_word' id='word_1_68' title='bbox 286 1381 440 1464; x_wconf 86' lang='lat' dir='ltr'><strong>quidquid</strong></span> <span class='ocrx_word' id='word_1_69' title='bbox 468 1381 500 1443; x_wconf 94' lang='lat' dir='ltr'><strong>in</strong></span> <span class='ocrx_word' id='word_1_70' title='bbox 530 1381 754 1461; x_wconf 91' lang='lat' dir='ltr'><strong>philosophico</strong></span> <span class='ocrx_word' id='word_1_71' title='bbox 781 1383 888 1447; x_wconf 88' lang='lat' dir='ltr'><strong>studio</strong></span> <span class='ocrx_word' id='word_1_72' title='bbox 924 1382 1133 1454; x_wconf 89' lang='lat' dir='ltr'><strong>laboriosum,</strong></span> <span class='ocrx_word' id='word_1_73' title='bbox 1162 1381 1314 1463; x_wconf 94' lang='lat' dir='ltr'><strong>quidquid</strong></span> <span class='ocrx_word' id='word_1_74' title='bbox 1344 1381 1375 1444; x_wconf 91' lang='lat' dir='ltr'><strong>in</strong></span> 
     </span>
     <span class='ocr_line' id='line_1_11' title="bbox 286 1481 1373 1566; baseline 0 -21"><span class='ocrx_word' id='word_1_75' title='bbox 286 1481 465 1561; x_wconf 89' lang='lat' dir='ltr'><strong>disciplinis</strong></span> <span class='ocrx_word' id='word_1_76' title='bbox 479 1481 712 1545; x_wconf 82' lang='lat' dir='ltr'><strong>mathematicis</strong></span> <span class='ocrx_word' id='word_1_77' title='bbox 727 1481 867 1558; x_wconf 88' lang='lat' dir='ltr'><strong>difficile,</strong></span> <span class='ocrx_word' id='word_1_78' title='bbox 886 1483 1038 1564; x_wconf 94' lang='lat' dir='ltr'><strong>quidquid</strong></span> <span class='ocrx_word' id='word_1_79' title='bbox 1057 1482 1225 1566; x_wconf 88' lang='lat' dir='ltr'><strong>inarcanis</strong></span> <span class='ocrx_word' id='word_1_80' title='bbox 1243 1491 1373 1545; x_wconf 87' lang='lat' dir='ltr'><strong>naturae</strong></span> 
     </span>
     <span class='ocr_line' id='line_1_12' title="bbox 287 1580 1376 1662; baseline 0 -18"><span class='ocrx_word' id='word_1_81' title='bbox 287 1581 488 1647; x_wconf 90' lang='lat' dir='ltr'><strong>reconditum</strong></span> <span class='ocrx_word' id='word_1_82' title='bbox 501 1590 562 1654; x_wconf 91' lang='lat' dir='ltr'><strong>est,</strong></span> <span class='ocrx_word' id='word_1_83' title='bbox 576 1580 796 1660; x_wconf 81' lang='lat' dir='ltr'><strong>investigaret,</strong></span> <span class='ocrx_word' id='word_1_84' title='bbox 811 1592 939 1661; x_wconf 89' lang='lat' dir='ltr'><strong>caperet</strong></span> <span class='ocrx_word' id='word_1_85' title='bbox 955 1592 986 1646; x_wconf 90' lang='lat' dir='ltr'><strong>et</strong></span> <span class='ocrx_word' id='word_1_86' title='bbox 1002 1591 1221 1662; x_wconf 85' lang='lat' dir='ltr'><strong>pernosceret.</strong></span> <span class='ocrx_word' id='word_1_87' title='bbox 1236 1581 1281 1644; x_wconf 83' lang='lat' dir='ltr'><strong>hd</strong></span> <span class='ocrx_word' id='word_1_88' title='bbox 1296 1581 1376 1644; x_wconf 90' lang='lat' dir='ltr'><strong>haec</strong></span> 
     </span>
     <span class='ocr_line' id='line_1_13' title="bbox 289 1679 1375 1760; baseline -0.002 -16"><span class='ocrx_word' id='word_1_89' title='bbox 289 1679 526 1760; x_wconf 79' lang='lat' dir='ltr'><strong>privilegiorum</strong></span> <span class='ocrx_word' id='word_1_90' title='bbox 553 1679 743 1744; x_wconf 77' lang='lat' dir='ltr'><strong>Academiae</strong></span> <span class='ocrx_word' id='word_1_91' title='bbox 772 1691 803 1744; x_wconf 91' lang='lat' dir='ltr'><strong>et</strong></span> <span class='ocrx_word' id='word_1_92' title='bbox 831 1681 990 1745; x_wconf 74' lang='lat' dir='ltr'><strong>facultatis</strong></span> <span class='ocrx_word' id='word_1_93' title='bbox 1011 1681 1126 1744; x_wconf 90' lang='lat' dir='ltr'><strong>artium</strong></span> <span class='ocrx_word' id='word_1_94' title='bbox 1148 1680 1375 1760; x_wconf 89' lang='lat' dir='ltr'><strong>peritissimus,</strong></span> 
     </span>
     <span class='ocr_line' id='line_1_14' title="bbox 292 1778 1272 1860; baseline -0.001 -18"><span class='ocrx_word' id='word_1_95' title='bbox 292 1779 438 1860; x_wconf 90' lang='lat' dir='ltr'><strong>plurimis</strong></span> <span class='ocrx_word' id='word_1_96' title='bbox 455 1778 667 1860; x_wconf 81' lang='lat' dir='ltr'><strong>legationibus</strong></span> <span class='ocrx_word' id='word_1_97' title='bbox 681 1795 753 1842; x_wconf 90' lang='lat' dir='ltr'><strong>cum</strong></span> <span class='ocrx_word' id='word_1_98' title='bbox 770 1791 879 1860; x_wconf 91' lang='lat' dir='ltr'><strong>optato</strong></span> <span class='ocrx_word' id='word_1_99' title='bbox 895 1797 1051 1845; x_wconf 87' lang='lat' dir='ltr'><strong>successu</strong></span> <span class='ocrx_word' id='word_1_100' title='bbox 1069 1781 1196 1844; x_wconf 81' lang='lat' dir='ltr'><strong>iunctus</strong></span> <span class='ocrx_word' id='word_1_101' title='bbox 1211 1790 1272 1844; x_wconf 86' lang='lat' dir='ltr'><strong>est.</strong></span> 
     </span>
    </p>

    <p class='ocr_par' dir='ltr' id='par_1_3' title="bbox 270 1877 1443 2834">
     <span class='ocr_line' id='line_1_15' title="bbox 327 1877 1376 1959; baseline -0.002 -17"><span class='ocrx_word' id='word_1_102' title='bbox 327 1879 438 1943; x_wconf 91' lang='lat' dir='ltr'><strong>Studio</strong></span> <span class='ocrx_word' id='word_1_103' title='bbox 452 1878 545 1959; x_wconf 85' lang='lat' dir='ltr'><strong>juris,</strong></span> <span class='ocrx_word' id='word_1_104' title='bbox 561 1878 716 1943; x_wconf 84' lang='lat' dir='ltr'><strong>historiae</strong></span> <span class='ocrx_word' id='word_1_105' title='bbox 729 1891 791 1943; x_wconf 87' lang='lat' dir='ltr'><strong>tarn</strong></span> <span class='ocrx_word' id='word_1_106' title='bbox 809 1897 922 1944; x_wconf 88' lang='lat' dir='ltr'><strong>sacrae</strong></span> <span class='ocrx_word' id='word_1_107' title='bbox 939 1896 1033 1959; x_wconf 88' lang='lat' dir='ltr'><strong>quarn</strong></span> <span class='ocrx_word' id='word_1_108' title='bbox 1052 1881 1216 1958; x_wconf 77' lang='lat' dir='ltr'><strong>profanae,</strong></span> <span class='ocrx_word' id='word_1_109' title='bbox 1232 1877 1376 1958; x_wconf 90' lang='lat' dir='ltr'><strong>discipli·</strong></span> 
     </span>
     <span class='ocr_line' id='line_1_16' title="bbox 288 1977 1374 2059; baseline -0.001 -18"><span class='ocrx_word' id='word_1_110' title='bbox 288 1993 409 2059; x_wconf 91' lang='lat' dir='ltr'><strong>uaeque</strong></span> <span class='ocrx_word' id='word_1_111' title='bbox 433 1977 683 2050; x_wconf 87' lang='lat' dir='ltr'><strong>ecclesiasticae,</strong></span> <span class='ocrx_word' id='word_1_112' title='bbox 701 1995 739 2042; x_wconf 87' lang='lat' dir='ltr'><strong>ae</strong></span> <span class='ocrx_word' id='word_1_113' title='bbox 763 1977 921 2058; x_wconf 89' lang='lat' dir='ltr'><strong>imprimis</strong></span> <span class='ocrx_word' id='word_1_114' title='bbox 936 1978 1115 2042; x_wconf 90' lang='lat' dir='ltr'><strong>divinarum</strong></span> <span class='ocrx_word' id='word_1_115' title='bbox 1136 1978 1312 2041; x_wconf 74' lang='lat' dir='ltr'><strong>literarum</strong></span> <span class='ocrx_word' id='word_1_116' title='bbox 1336 1993 1374 2040; x_wconf 89' lang='lat' dir='ltr'><strong>ac</strong></span> 
     </span>
     <span class='ocr_line' id='line_1_17' title="bbox 286 2074 1374 2158; baseline -0.002 -18"><span class='ocrx_word' id='word_1_117' title='bbox 286 2088 467 2140; x_wconf 86' lang='lat' dir='ltr'><strong>sanctarum</strong></span> <span class='ocrx_word' id='word_1_118' title='bbox 485 2076 677 2156; x_wconf 84' lang='lat' dir='ltr'><strong>linguarum,</strong></span> <span class='ocrx_word' id='word_1_119' title='bbox 691 2076 857 2158; x_wconf 81' lang='lat' dir='ltr'><strong>ipsiusque</strong></span> <span class='ocrx_word' id='word_1_120' title='bbox 874 2077 1054 2158; x_wconf 83' lang='lat' dir='ltr'><strong>theologiae</strong></span> <span class='ocrx_word' id='word_1_121' title='bbox 1072 2077 1214 2141; x_wconf 91' lang='lat' dir='ltr'><strong>notitiam</strong></span> <span class='ocrx_word' id='word_1_122' title='bbox 1230 2074 1374 2156; x_wconf 78' lang='lat' dir='ltr'><strong>adiunxit</strong></span> 
     </span>
     <span class='ocr_line' id='line_1_18' title="bbox 285 2175 1374 2257; baseline -0.002 -18"><span class='ocrx_word' id='word_1_123' title='bbox 285 2184 379 2255; x_wconf 91' lang='lat' dir='ltr'><strong>atque</strong></span> <span class='ocrx_word' id='word_1_124' title='bbox 414 2177 547 2257; x_wconf 84' lang='lat' dir='ltr'><strong>gradum</strong></span> <span class='ocrx_word' id='word_1_125' title='bbox 585 2175 784 2240; x_wconf 87' lang='lat' dir='ltr'><strong>baccalaurei</strong></span> <span class='ocrx_word' id='word_1_126' title='bbox 821 2176 852 2238; x_wconf 95' lang='lat' dir='ltr'><strong>in</strong></span> <span class='ocrx_word' id='word_1_127' title='bbox 884 2177 944 2240; x_wconf 89' lang='lat' dir='ltr'><strong>hac</strong></span> <span class='ocrx_word' id='word_1_128' title='bbox 979 2177 1113 2241; x_wconf 89' lang='lat' dir='ltr'><strong>scientia</strong></span> <span class='ocrx_word' id='word_1_129' title='bbox 1148 2176 1285 2256; x_wconf 88' lang='lat' dir='ltr'><strong>adeptus</strong></span> <span class='ocrx_word' id='word_1_130' title='bbox 1313 2184 1374 2240; x_wconf 89' lang='lat' dir='ltr'><strong>est.</strong></span> 
     </span>
     <span class='ocr_line' id='line_1_19' title="bbox 286 2273 1371 2355; baseline 0.001 -18"><span class='ocrx_word' id='word_1_131' title='bbox 286 2273 439 2340; x_wconf 80' lang='lat' dir='ltr'><strong>Defuncto</strong></span> <span class='ocrx_word' id='word_1_132' title='bbox 461 2275 480 2337; x_wconf 82' lang='lat' dir='ltr'><strong>l</strong></span> <span class='ocrx_word' id='word_1_133' title='bbox 504 2274 576 2354; x_wconf 86' lang='lat' dir='ltr'><strong>maji</strong></span> <span class='ocrx_word' id='word_1_134' title='bbox 601 2273 824 2340; x_wconf 76' lang='lat' dir='ltr'><strong>l68310anne</strong></span> <span class='ocrx_word' id='word_1_135' title='bbox 849 2275 990 2355; x_wconf 86' lang='lat' dir='ltr'><strong>Baptista</strong></span> <span class='ocrx_word' id='word_1_136' title='bbox 1017 2275 1053 2338; x_wconf 88' lang='lat' dir='ltr'><strong>V.</strong></span> <span class='ocrx_word' id='word_1_137' title='bbox 1075 2277 1116 2339; x_wconf 83' lang='lat' dir='ltr'><strong>tte</strong></span> <span class='ocrx_word' id='word_1_138' title='bbox 1139 2275 1371 2348; x_wconf 78' lang='lat' dir='ltr'><strong>Schultelaere,</strong></span> 
     </span>
     <span class='ocr_line' id='line_1_20' title="bbox 285 2373 1377 2456; baseline -0.001 -21"><span class='ocrx_word' id='word_1_139' title='bbox 285 2373 490 2438; x_wconf 84' lang='lat' dir='ltr'><strong>historiarum</strong></span> <span class='ocrx_word' id='word_1_140' title='bbox 507 2373 575 2437; x_wconf 89' lang='lat' dir='ltr'><strong>sive</strong></span> <span class='ocrx_word' id='word_1_141' title='bbox 589 2373 715 2455; x_wconf 79' lang='lat' dir='ltr'><strong>linguae</strong></span> <span class='ocrx_word' id='word_1_142' title='bbox 727 2374 843 2438; x_wconf 90' lang='lat' dir='ltr'><strong>latinae</strong></span> <span class='ocrx_word' id='word_1_143' title='bbox 858 2375 888 2436; x_wconf 92' lang='lat' dir='ltr'><strong>in</strong></span> <span class='ocrx_word' id='word_1_144' title='bbox 902 2374 1039 2456; x_wconf 86' lang='lat' dir='ltr'><strong>collegio</strong></span> <span class='ocrx_word' id='word_1_145' title='bbox 1055 2374 1194 2454; x_wconf 80' lang='lat' dir='ltr'><strong>trilingui</strong></span> <span class='ocrx_word' id='word_1_146' title='bbox 1211 2373 1377 2453; x_wconf 83' lang='lat' dir='ltr'><strong>prol&#39;essor</strong></span> 
     </span>
     <span class='ocr_line' id='line_1_21' title="bbox 270 2472 1443 2553; baseline -0.003 -15"><span class='ocrx_word' id='word_1_147' title='bbox 270 2473 503 2548; x_wconf 88' lang='lat' dir='ltr'><strong>·constituitur;</strong></span> <span class='ocrx_word' id='word_1_148' title='bbox 521 2473 667 2553; x_wconf 85' lang='lat' dir='ltr'><strong>hancque</strong></span> <span class='ocrx_word' id='word_1_149' title='bbox 684 2473 879 2552; x_wconf 88' lang='lat' dir='ltr'><strong>provinciam</strong></span> <span class='ocrx_word' id='word_1_150' title='bbox 896 2472 1129 2537; x_wconf 86' lang='lat' dir='ltr'><strong>administravit</strong></span> <span class='ocrx_word' id='word_1_151' title='bbox 1145 2489 1181 2538; x_wconf 88' lang='lat' dir='ltr'><strong>ea</strong></span> <span class='ocrx_word' id='word_1_152' title='bbox 1198 2473 1285 2535; x_wconf 89' lang='lat' dir='ltr'><strong>latini</strong></span> <span class='ocrx_word' id='word_1_153' title='bbox 1302 2489 1372 2537; x_wconf 88' lang='lat' dir='ltr'><strong>sor·</strong></span> <span class='ocrx_word' id='word_1_154' title='bbox 1441 2537 1443 2542; x_wconf 66' lang='grc'><strong>,</strong></span> 
     </span>
     <span class='ocr_line' id='line_1_22' title="bbox 286 2570 1374 2652; baseline -0.001 -17"><span class='ocrx_word' id='word_1_155' title='bbox 286 2571 390 2637; x_wconf 87' lang='lat' dir='ltr'><strong>monis</strong></span> <span class='ocrx_word' id='word_1_156' title='bbox 420 2572 557 2652; x_wconf 86' lang='lat' dir='ltr'><strong>puritate</strong></span> <span class='ocrx_word' id='word_1_157' title='bbox 590 2589 628 2636; x_wconf 92' lang='lat' dir='ltr'><strong>ac</strong></span> <span class='ocrx_word' id='word_1_158' title='bbox 658 2573 827 2651; x_wconf 81' lang='lat' dir='ltr'><strong>elegantia,</strong></span> <span class='ocrx_word' id='word_1_159' title='bbox 859 2589 895 2637; x_wconf 88' lang='lat' dir='ltr'><strong>ea</strong></span> <span class='ocrx_word' id='word_1_160' title='bbox 926 2573 1120 2644; x_wconf 85' lang='lat' dir='ltr'><strong>eruditione,</strong></span> <span class='ocrx_word' id='word_1_161' title='bbox 1153 2590 1189 2636; x_wconf 88' lang='lat' dir='ltr'><strong>ea</strong></span> <span class='ocrx_word' id='word_1_162' title='bbox 1221 2570 1374 2652; x_wconf 76' lang='lat' dir='ltr'><strong>gravitate</strong></span> 
     </span>
     <span class='ocr_line' id='line_1_23' title="bbox 283 2671 1370 2752; baseline -0.001 -18"><span class='ocrx_word' id='word_1_163' title='bbox 283 2671 410 2736; x_wconf 91' lang='lat' dir='ltr'><strong>dicendi</strong></span> <span class='ocrx_word' id='word_1_164' title='bbox 426 2682 457 2734; x_wconf 88' lang='lat' dir='ltr'><strong>et</strong></span> <span class='ocrx_word' id='word_1_165' title='bbox 473 2671 600 2752; x_wconf 84' lang='lat' dir='ltr'><strong>linguae</strong></span> <span class='ocrx_word' id='word_1_166' title='bbox 614 2672 774 2745; x_wconf 76' lang='lat' dir='ltr'><strong>facundia,</strong></span> <span class='ocrx_word' id='word_1_167' title='bbox 794 2681 826 2736; x_wconf 93' lang='lat' dir='ltr'><strong>ut</strong></span> <span class='ocrx_word' id='word_1_168' title='bbox 843 2671 1010 2752; x_wconf 85' lang='lat' dir='ltr'><strong>Lipsianae</strong></span> <span class='ocrx_word' id='word_1_169' title='bbox 1030 2672 1231 2751; x_wconf 85' lang='lat' dir='ltr'><strong>eloquentiae</strong></span> <span class='ocrx_word' id='word_1_170' title='bbox 1255 2671 1370 2734; x_wconf 87' lang='lat' dir='ltr'><strong>haeres</strong></span> 
     </span>
     <span class='ocr_line' id='line_1_24' title="bbox 286 2779 516 2834; baseline -0.009 0"><span class='ocrx_word' id='word_1_171' title='bbox 286 2779 468 2834; x_wconf 85' lang='lat' dir='ltr'><strong>vocaretur.</strong></span> <span class='ocrx_word' id='word_1_172' title='bbox 513 2780 516 2786; x_wconf 83' lang='lat'><em>·</em></span> 
     </span>
    </p>

    <p class='ocr_par' dir='ltr' id='par_1_4' title="bbox 280 2867 1376 3838">
     <span class='ocr_line' id='line_1_25' title="bbox 324 2867 1371 2950; baseline 0 -18"><span class='ocrx_word' id='word_1_173' title='bbox 324 2867 382 2934; x_wconf 81' lang='lat' dir='ltr'><strong>llio</strong></span> <span class='ocrx_word' id='word_1_174' title='bbox 408 2869 444 2931; x_wconf 88' lang='lat' dir='ltr'><strong>tt</strong></span> <span class='ocrx_word' id='word_1_175' title='bbox 462 2868 657 2948; x_wconf 88' lang='lat' dir='ltr'><strong>septembris</strong></span> <span class='ocrx_word' id='word_1_176' title='bbox 684 2869 764 2932; x_wconf 77' lang='lat' dir='ltr'><strong>test</strong></span> <span class='ocrx_word' id='word_1_177' title='bbox 791 2870 891 2950; x_wconf 81' lang='lat' dir='ltr'><strong>grado</strong></span> <span class='ocrx_word' id='word_1_178' title='bbox 916 2870 1064 2934; x_wconf 88' lang='lat' dir='ltr'><strong>licentiae</strong></span> <span class='ocrx_word' id='word_1_179' title='bbox 1090 2869 1121 2931; x_wconf 93' lang='lat' dir='ltr'><strong>in</strong></span> <span class='ocrx_word' id='word_1_180' title='bbox 1139 2879 1274 2949; x_wconf 90' lang='lat' dir='ltr'><strong>utroque</strong></span> <span class='ocrx_word' id='word_1_181' title='bbox 1298 2867 1371 2948; x_wconf 83' lang='lat' dir='ltr'><strong>jure</strong></span> 
     </span>
     <span class='ocr_line' id='line_1_26' title="bbox 284 2967 1373 3047; baseline -0.003 -14"><span class='ocrx_word' id='word_1_182' title='bbox 284 2969 518 3033; x_wconf 88' lang='lat' dir='ltr'><strong>condecoratus</strong></span> <span class='ocrx_word' id='word_1_183' title='bbox 544 2978 594 3032; x_wconf 89' lang='lat' dir='ltr'><strong>est</strong></span> <span class='ocrx_word' id='word_1_184' title='bbox 621 2977 766 3031; x_wconf 87' lang='lat' dir='ltr'><strong>maturos</strong></span> <span class='ocrx_word' id='word_1_185' title='bbox 788 2968 852 3047; x_wconf 86' lang='lat' dir='ltr'><strong>jam</strong></span> <span class='ocrx_word' id='word_1_186' title='bbox 877 2969 1004 3032; x_wconf 86' lang='lat' dir='ltr'><strong>laureae</strong></span> <span class='ocrx_word' id='word_1_187' title='bbox 1027 2967 1197 3040; x_wconf 83' lang='lat' dir='ltr'><strong>doctorali,</strong></span> <span class='ocrx_word' id='word_1_188' title='bbox 1213 2967 1252 3030; x_wconf 92' lang='lat' dir='ltr'><strong>ad</strong></span> <span class='ocrx_word' id='word_1_189' title='bbox 1278 2983 1373 3047; x_wconf 88' lang='lat' dir='ltr'><strong>quam</strong></span> 
     </span>
     <span class='ocr_line' id='line_1_27' title="bbox 284 3064 1373 3146; baseline -0.001 -18"><span class='ocrx_word' id='word_1_190' title='bbox 284 3066 372 3131; x_wconf 92' lang='lat' dir='ltr'><strong>illum</strong></span> <span class='ocrx_word' id='word_1_191' title='bbox 394 3083 455 3130; x_wconf 88' lang='lat' dir='ltr'><strong>vox</strong></span> <span class='ocrx_word' id='word_1_192' title='bbox 471 3066 597 3145; x_wconf 87' lang='lat' dir='ltr'><strong>publica</strong></span> <span class='ocrx_word' id='word_1_193' title='bbox 623 3067 830 3146; x_wconf 87' lang='lat' dir='ltr'><strong>deposcebat.</strong></span> <span class='ocrx_word' id='word_1_194' title='bbox 851 3065 1006 3130; x_wconf 75' lang='lat' dir='ltr'><strong>Defuncto</strong></span> <span class='ocrx_word' id='word_1_195' title='bbox 1029 3067 1048 3130; x_wconf 90' lang='lat'>8</span> <span class='ocrx_word' id='word_1_196' title='bbox 1072 3066 1175 3129; x_wconf 88' lang='lat' dir='ltr'><strong>martii</strong></span> <span class='ocrx_word' id='word_1_197' title='bbox 1199 3064 1281 3129; x_wconf 52' lang='grc' dir='ltr'><strong>γ1685</strong></span> <span class='ocrx_word' id='word_1_198' title='bbox 1296 3065 1373 3128; x_wconf 88' lang='lat' dir='ltr'><strong>Bar·-</strong></span> 
     </span>
     <span class='ocr_line' id='line_1_28' title="bbox 283 3164 1375 3246; baseline 0 -18"><span class='ocrx_word' id='word_1_199' title='bbox 283 3165 464 3230; x_wconf 84' lang='lat' dir='ltr'><strong>tholomaeo</strong></span> <span class='ocrx_word' id='word_1_200' title='bbox 482 3165 525 3228; x_wconf 84' lang='lat' dir='ltr'><strong>[le</strong></span> <span class='ocrx_word' id='word_1_201' title='bbox 538 3169 631 3246; x_wconf 78' lang='lat' dir='ltr'><strong>l‘ape,</strong></span> <span class='ocrx_word' id='word_1_202' title='bbox 646 3164 729 3245; x_wconf 82' lang='lat' dir='ltr'><strong>juris</strong></span> <span class='ocrx_word' id='word_1_203' title='bbox 744 3165 911 3245; x_wconf 89' lang='lat' dir='ltr'><strong>utriusque</strong></span> <span class='ocrx_word' id='word_1_204' title='bbox 925 3165 1087 3229; x_wconf 90' lang='lat' dir='ltr'><strong>licentiato</strong></span> <span class='ocrx_word' id='word_1_205' title='bbox 1099 3173 1131 3228; x_wconf 94' lang='lat' dir='ltr'><strong>et</strong></span> <span class='ocrx_word' id='word_1_206' title='bbox 1146 3164 1375 3228; x_wconf 85' lang='lat' dir='ltr'><strong>baccalaureo·</strong></span> 
     </span>
     <span class='ocr_line' id='line_1_29' title="bbox 284 3261 1373 3344; baseline -0.002 -18"><span class='ocrx_word' id='word_1_207' title='bbox 284 3280 352 3328; x_wconf 90' lang='lat' dir='ltr'><strong>rum</strong></span> <span class='ocrx_word' id='word_1_208' title='bbox 368 3263 494 3344; x_wconf 81' lang='lat' dir='ltr'><strong>collegii</strong></span> <span class='ocrx_word' id='word_1_209' title='bbox 511 3263 614 3326; x_wconf 85' lang='lat' dir='ltr'><strong>sancti</strong></span> <span class='ocrx_word' id='word_1_210' title='bbox 632 3263 742 3327; x_wconf 89' lang='lat' dir='ltr'><strong>lvonis</strong></span> <span class='ocrx_word' id='word_1_211' title='bbox 764 3263 923 3342; x_wconf 84' lang='lat' dir='ltr'><strong>praeside,</strong></span> <span class='ocrx_word' id='word_1_212' title='bbox 941 3264 978 3326; x_wconf 87' lang='lat' dir='ltr'><strong>nd</strong></span> <span class='ocrx_word' id='word_1_213' title='bbox 1003 3263 1088 3326; x_wconf 91' lang='lat' dir='ltr'><strong>illius</strong></span> <span class='ocrx_word' id='word_1_214' title='bbox 1103 3262 1232 3342; x_wconf 85' lang='lat' dir='ltr'><strong>collegii</strong></span> <span class='ocrx_word' id='word_1_215' title='bbox 1250 3261 1373 3342; x_wconf 89' lang='lat' dir='ltr'><strong>praesi-</strong></span> 
     </span>
     <span class='ocr_line' id='line_1_30' title="bbox 282 3357 1372 3442; baseline -0.003 -16"><span class='ocrx_word' id='word_1_216' title='bbox 282 3357 421 3428; x_wconf 89' lang='lat' dir='ltr'><strong>dentiam</strong></span> <span class='ocrx_word' id='word_1_217' title='bbox 446 3372 671 3442; x_wconf 86' lang='lat' dir='ltr'><strong>promouetur;</strong></span> <span class='ocrx_word' id='word_1_218' title='bbox 694 3362 787 3440; x_wconf 82' lang='lat' dir='ltr'><strong>cujus</strong></span> <span class='ocrx_word' id='word_1_219' title='bbox 811 3365 952 3442; x_wconf 81' lang='lat' dir='ltr'><strong>regimen</strong></span> <span class='ocrx_word' id='word_1_220' title='bbox 980 3377 1091 3425; x_wconf 90' lang='lat' dir='ltr'><strong>mense</strong></span> <span class='ocrx_word' id='word_1_221' title='bbox 1116 3360 1200 3441; x_wconf 85' lang='lat' dir='ltr'><strong>majo</strong></span> <span class='ocrx_word' id='word_1_222' title='bbox 1227 3360 1372 3441; x_wconf 86' lang='lat' dir='ltr'><strong>ejusdem</strong></span> 
     </span>
     <span class='ocr_line' id='line_1_31' title="bbox 283 3459 1372 3540; baseline -0.003 -15"><span class='ocrx_word' id='word_1_223' title='bbox 283 3461 357 3525; x_wconf 92' lang='lat' dir='ltr'><strong>anni</strong></span> <span class='ocrx_word' id='word_1_224' title='bbox 382 3461 515 3534; x_wconf 88' lang='lat' dir='ltr'><strong>dimisit,</strong></span> <span class='ocrx_word' id='word_1_225' title='bbox 547 3461 667 3524; x_wconf 89' lang='lat' dir='ltr'><strong>interea</strong></span> <span class='ocrx_word' id='word_1_226' title='bbox 697 3461 808 3540; x_wconf 73' lang='lat' dir='ltr'><strong>vigore</strong></span> <span class='ocrx_word' id='word_1_227' title='bbox 839 3460 1079 3540; x_wconf 83' lang='lat' dir='ltr'><strong>privilegiorum</strong></span> <span class='ocrx_word' id='word_1_228' title='bbox 1116 3459 1372 3524; x_wconf 89' lang='lat' dir='ltr'><strong>academicorum</strong></span> 
     </span>
     <span class='ocr_line' id='line_1_32' title="bbox 282 3557 1371 3638; baseline -0.005 -15"><span class='ocrx_word' id='word_1_229' title='bbox 282 3559 468 3638; x_wconf 68' lang='lat' dir='ltr'><strong>designatus</strong></span> <span class='ocrx_word' id='word_1_230' title='bbox 481 3568 590 3638; x_wconf 89' lang='lat' dir='ltr'><strong>pastor</strong></span> <span class='ocrx_word' id='word_1_231' title='bbox 600 3559 757 3623; x_wconf 87' lang='lat' dir='ltr'><strong>ecclesiae</strong></span> <span class='ocrx_word' id='word_1_232' title='bbox 769 3559 870 3622; x_wconf 88' lang='lat' dir='ltr'><strong>sancti</strong></span> <span class='ocrx_word' id='word_1_233' title='bbox 884 3557 1045 3622; x_wconf 87' lang='lat' dir='ltr'><strong>Gommari</strong></span> <span class='ocrx_word' id='word_1_234' title='bbox 1057 3558 1098 3620; x_wconf 94' lang='lat' dir='ltr'><strong>de</strong></span> <span class='ocrx_word' id='word_1_235' title='bbox 1111 3557 1309 3622; x_wconf 87' lang='lat' dir='ltr'><strong>llerenthout</strong></span> <span class='ocrx_word' id='word_1_236' title='bbox 1318 3558 1371 3634; x_wconf 83' lang='grc'>(1).</span> 
     </span>
     <span class='ocr_line' id='line_1_33' title="bbox 289 3654 1369 3738; baseline -0.003 -16"><span class='ocrx_word' id='word_1_237' title='bbox 289 3675 292 3681; x_wconf 82' lang='grc'>’</span> <span class='ocrx_word' id='word_1_238' title='bbox 321 3657 552 3722; x_wconf 71' lang='lat' dir='ltr'><strong>canonicatum</strong></span> <span class='ocrx_word' id='word_1_239' title='bbox 582 3657 614 3720; x_wconf 94' lang='lat' dir='ltr'><strong>in</strong></span> <span class='ocrx_word' id='word_1_240' title='bbox 645 3657 746 3738; x_wconf 82' lang='lat' dir='ltr'><strong>regali</strong></span> <span class='ocrx_word' id='word_1_241' title='bbox 778 3657 910 3721; x_wconf 84' lang='lat' dir='ltr'><strong>basilica</strong></span> <span class='ocrx_word' id='word_1_242' title='bbox 931 3655 1185 3738; x_wconf 78' lang='lat' dir='ltr'><strong>hquisgranensi</strong></span> <span class='ocrx_word' id='word_1_243' title='bbox 1214 3654 1369 3731; x_wconf 89' lang='lat' dir='ltr'><strong>obtinuit;</strong></span> 
     </span>
     <span class='ocr_line' id='line_1_34' title="bbox 280 3755 1376 3838; baseline -0.005 -16"><span class='ocrx_word' id='word_1_244' title='bbox 280 3769 418 3838; x_wconf 79' lang='lat' dir='ltr'><strong>eumque</strong></span> <span class='ocrx_word' id='word_1_245' title='bbox 429 3765 542 3822; x_wconf 84' lang='lat' dir='ltr'><strong>contra</strong></span> <span class='ocrx_word' id='word_1_246' title='bbox 555 3759 780 3820; x_wconf 89' lang='lat' dir='ltr'><strong>canonicatum</strong></span> <span class='ocrx_word' id='word_1_247' title='bbox 796 3755 990 3820; x_wconf 88' lang='lat' dir='ltr'><strong>cathedralis</strong></span> <span class='ocrx_word' id='word_1_248' title='bbox 1003 3755 1225 3820; x_wconf 88' lang='lat' dir='ltr'><strong>Gandavensis</strong></span> <span class='ocrx_word' id='word_1_249' title='bbox 1241 3769 1376 3836; x_wconf 55' lang='lat' dir='ltr'><strong>permur&#39;</strong></span> 
     </span>
    </p>
   </div>
   <div class='ocr_carea' id='block_1_3' title="bbox 280 3967 1373 4223">
    <p class='ocr_par' dir='ltr' id='par_1_5' title="bbox 280 3967 1373 4223">
     <span class='ocr_line' id='line_1_35' title="bbox 315 3967 1373 4044; baseline -0.003 -19"><span class='ocrx_word' id='word_1_250' title='bbox 315 3969 352 4044; x_wconf 73' lang='lat' dir='ltr'><strong>tl)</strong></span> <span class='ocrx_word' id='word_1_251' title='bbox 366 3971 528 4026; x_wconf 82' lang='lat' dir='ltr'><strong>Pastorstus</strong></span> <span class='ocrx_word' id='word_1_252' title='bbox 540 3969 629 4024; x_wconf 71' lang='lat' dir='ltr'><strong>macti</strong></span> <span class='ocrx_word' id='word_1_253' title='bbox 642 3969 783 4024; x_wconf 82' lang='lat' dir='ltr'><strong>Gummari</strong></span> <span class='ocrx_word' id='word_1_254' title='bbox 798 3971 832 4025; x_wconf 87' lang='lat' dir='ltr'><strong>do</strong></span> <span class='ocrx_word' id='word_1_255' title='bbox 846 3970 1024 4026; x_wconf 79' lang='lat' dir='ltr'><strong>Haranthout</strong></span> <span class='ocrx_word' id='word_1_256' title='bbox 1036 3969 1143 4024; x_wconf 73' lang='lat' dir='ltr'><strong>recerit</strong></span> <span class='ocrx_word' id='word_1_257' title='bbox 1155 3968 1236 4023; x_wconf 73' lang='lat' dir='ltr'><strong>annis</strong></span> <span class='ocrx_word' id='word_1_258' title='bbox 1260 3967 1330 4022; x_wconf 79' lang='grc'><strong>1674</strong></span> <span class='ocrx_word' id='word_1_259' title='bbox 1342 3971 1373 4022; x_wconf 84' lang='lat' dir='ltr'><strong>ot</strong></span> 
     </span>
     <span class='ocr_line' id='line_1_36' title="bbox 284 4057 1370 4130; baseline -0.003 -16"><span class='ocrx_word' id='word_1_260' title='bbox 284 4059 363 4119; x_wconf 71' lang='lat' dir='ltr'><strong>tout.</strong></span> <span class='ocrx_word' id='word_1_261' title='bbox 384 4061 466 4116; x_wconf 78' lang='lat' dir='ltr'><strong>Forte</strong></span> <span class='ocrx_word' id='word_1_262' title='bbox 489 4075 542 4114; x_wconf 90' lang='lat' dir='ltr'><strong>non</strong></span> <span class='ocrx_word' id='word_1_263' title='bbox 566 4059 733 4130; x_wconf 63' lang='lat' dir='ltr'><strong>acceptorim</strong></span> <span class='ocrx_word' id='word_1_264' title='bbox 761 4087 774 4106; x_wconf 71' lang='grc' dir='ltr'><strong>ι</strong></span> <span class='ocrx_word' id='word_1_265' title='bbox 790 4067 835 4115; x_wconf 80' lang='lat' dir='ltr'><strong>set</strong></span> <span class='ocrx_word' id='word_1_266' title='bbox 857 4075 912 4115; x_wconf 86' lang='lat' dir='ltr'><strong>non</strong></span> <span class='ocrx_word' id='word_1_267' title='bbox 934 4059 1045 4124; x_wconf 80' lang='lat' dir='ltr'><strong>resedit,</strong></span> <span class='ocrx_word' id='word_1_268' title='bbox 1060 4064 1092 4113; x_wconf 86' lang='lat' dir='ltr'><strong>ut</strong></span> <span class='ocrx_word' id='word_1_269' title='bbox 1106 4065 1223 4130; x_wconf 78' lang='lat' dir='ltr'><strong>apparet</strong></span> <span class='ocrx_word' id='word_1_270' title='bbox 1244 4073 1278 4112; x_wconf 85' lang='lat' dir='ltr'><strong>ex</strong></span> <span class='ocrx_word' id='word_1_271' title='bbox 1300 4057 1370 4112; x_wconf 81' lang='lat' dir='ltr'><strong>sorio</strong></span> 
     </span>
     <span class='ocr_line' id='line_1_37' title="bbox 280 4149 966 4223; baseline -0.003 -17"><span class='ocrx_word' id='word_1_272' title='bbox 280 4155 421 4223; x_wconf 74' lang='lat' dir='ltr'><strong>partorum</strong></span> <span class='ocrx_word' id='word_1_273' title='bbox 433 4149 562 4222; x_wconf 81' lang='lat' dir='ltr'><strong>oqudem.</strong></span> <span class='ocrx_word' id='word_1_274' title='bbox 572 4151 706 4218; x_wconf 71' lang='lat' dir='ltr'><strong>omlamao</strong></span> <span class='ocrx_word' id='word_1_275' title='bbox 722 4175 747 4204; x_wconf 60' lang='lat' dir='ltr'><strong>a.</strong></span> <span class='ocrx_word' id='word_1_276' title='bbox 763 4151 836 4206; x_wconf 80' lang='lat' dir='ltr'><strong>Note</strong></span> <span class='ocrx_word' id='word_1_277' title='bbox 847 4157 880 4206; x_wconf 81' lang='lat' dir='ltr'><strong>do</strong></span> <span class='ocrx_word' id='word_1_278' title='bbox 894 4152 966 4206; x_wconf 78' lang='lat' dir='ltr'><strong>an.</strong></span> 
     </span>
    </p>
   </div>
   <div class='ocr_carea' id='block_1_4' title="bbox 0 0 1616 4950">
    <p class='ocr_par' dir='ltr' id='par_1_6' title="bbox 0 0 1616 4950">
     <span class='ocr_line' id='line_1_38' title="bbox 0 0 1616 4950; baseline 0 3"><span class='ocrx_word' id='word_1_279' title='bbox 0 0 1616 4950; x_wconf 95' lang='lat' dir='ltr'><strong> </strong></span> 
     </span>
    </p>
   </div>
  </div>
 </body>
</html>
