3158 4952
630 437 812 501 -tnt-

170 629 232 684 tem
248 628 281 682 et
299 619 444 682 futurum
470 626 634 699 regentem
662 619 842 700 conceptis,
859 635 899 682 an
916 621 1060 700 placeant
1082 621 1268 702 hujusmodi

167 719 364 799 approbare,
380 728 412 781 et
427 718 466 782 ad
480 717 722 783 deliberandum
739 720 894 798 desuper.
909 718 1032 784 Placuit
1048 721 1267 795 concorditer,

168 818 255 898 qnod
273 817 461 897 legerentur
476 815 552 880 dicti
569 825 747 896 conceptus
771 817 802 879 in
821 818 981 896 presentia
998 817 1212 884 dominorum.
1230 819 1270 884 Et

171 916 244 981 lecti
269 916 400 979 fuerunt
416 915 479 979 alta
502 923 534 979 et
552 915 747 996 intelligibili
765 933 856 988 voce.
874 917 960 981 clare
984 927 1016 982 ct
1031 917 1194 993 distincte,
1212 935 1269 1000 per

170 1015 334 1078 sindicum
352 1014 525 1078 facultatis.
541 1015 589 1087 Et,
606 1025 774 1094 postquam
791 1015 864 1078 lecti
883 1015 1023 1088 fuerunt,
1042 1017 1150 1096 posuit
1165 1017 1268 1080 domi-

171 1131 232 1178 nus
248 1115 394 1178 decanus
410 1113 441 1176 in
459 1113 744 1178 deliberationibus
764 1114 981 1188 dominorum,
996 1131 1035 1178 an
1052 1116 1193 1196 placeret
1209 1133 1269 1181 eos

170 1213 355 1292 approbare
370 1222 403 1276 et
418 1209 590 1276 ratificare.
606 1211 843 1277 Deliberatione
860 1229 937 1278 reno
955 1214 1132 1294 prehabito,
1147 1215 1268 1278 domini

170 1311 393 1392 approbarunt
417 1320 449 1374 et
476 1309 685 1386 replicarunt,
702 1327 740 1374 ac
759 1313 936 1392 approbant
959 1323 990 1378 et
1016 1313 1173 1379 ratificant
1197 1331 1269 1394 pre-

170 1412 278 1475 dictos
294 1419 487 1490 conceptus,
506 1421 601 1490 prout
618 1411 699 1473 infra
716 1419 907 1490 sequuntur.

215 1609 402 1688 comparuit
418 1607 546 1672 insacia
562 1607 723 1672 facultatis
741 1609 941 1673 bonorabilis
958 1610 1006 1672 vir
1026 1612 1177 1690 magister
1194 1611 1269 1675 (ini-

173 1709 304 1774 lielmus
318 1708 485 1771 Everacrts
501 1707 541 1770 de
553 1706 674 1786 Velpim
689 1707 804 1770 artium
819 1708 1104 1788 magister‚ibidem
1119 1726 1266 1788 presens;

173 1807 370 1888 supplicarit
393 1806 464 1868 viva
486 1807 618 1870 voce'se
636 1806 675 1868 ad
693 1806 846 1886 prefatam
864 1808 1039 1887 regentium
1053 1809 1137 1872 dicte
1152 1809 1269 1874 domus

173 1907 244 1971 sire
261 1905 431 1986 pedagogii
450 1904 609 1975 Falconis,
628 1913 723 1984 atque
739 1921 796 1984 per
812 1905 916 1985 ipsum
939 1905 969 1967 in
987 1906 1164 1988 pedagogio
1181 1906 1268 1971 ordi·

174 2005 302 2070 nandos
325 2004 364 2066 ad
389 2005 565 2084 regendum
589 2013 620 2066 et
643 2004 813 2082 legendum
836 2003 959 2066 admitti
980 2004 1068 2085 iuxta
1092 2006 1268 2072 ordinatio-

175 2121 248 2170 nem
271 2113 303 2168 et
325 2103 530 2168 conditiones
554 2111 739 2184 sequentes.
757 2101 847 2166 Unde
870 2102 1017 2175 facultas,
1035 2101 1268 2168 deliberatione

174 2202 353 2284 prehabita,
375 2201 485 2265 annuit
511 2201 580 2281 ejns
608 2200 848 2281 supplicationi,
870 2209 902 2264 et
927 2217 1000 2264 eum
1027 2202 1157 2267 admisit
1179 2203 1269 2284 juxta

172 2311 364 2383 sequentem
381 2301 617 2365 ordinationem
632 2316 670 2363 ac
685 2309 802 2364 statuta
819 2299 992 2364 facultatis.

219 2451 321 2515 Tertor
331 2449 464 2531 predicti
479 2454 641 2529 cortucptus
656 2449 718 2510 sinc
733 2448 934 2510 orditrofiottis
947 2456 1154 2528 protectorum
1168 2451 1269 2532 sepui-

174 2556 226 2612 fur
240 2555 269 2613 et
283 2556 330 2612 eal
345 2547 416 2611 tofis
433 2565 443 2610 :

215 2649 264 2713 Ad
293 2649 391 2712 finem
418 2656 452 2711 ut
477 2646 619 2726 magistri
647 2655 679 2710 ct
701 2645 837 2727 juvenes
865 2646 1033 2727 padagogii
1056 2647 1206 2712 Falconis
1234 2649 1267 2712 in

176 2749 314 2828 pristina
330 2745 501 2826 disciplina
521 2746 585 2808 rite
601 2753 632 2807 et
652 2745 832 2809 studiorum
848 2747 887 2809 ad
907 2746 1061 2810 cristiana
1076 2747 1266 2826 reipublice,

176 2858 208 2912 et
225 2845 417 2928 praesertim
433 2854 543 2908 nostre
559 2844 718 2908 facultatis
734 2844 862 2918 artioni,
874 2844 1041 2908 utilitatem
1054 2856 1086 2908 et
1099 2845 1268 2921 bonorem,

175 2953 424 3018 conserventur,
439 2943 544 3024 ipsum
558 2960 686 3024 quoque
703 2943 913 3024 pedagogium
931 2953 1086 3024 perpetuo
1101 2944 1268 3018 subsistat,

174 3062 214 3108 ex
236 3060 302 3125 quo
330 3043 486 3107 hactenus
512 3042 684 3105 clarissimi
712 3043 857 3123 plerique
882 3043 941 3106 viri
970 3042 1175 3123 prodierunt,
1205 3061 1269 3108 non

174 3143 298 3223 absque
314 3141 459 3222 ejusdem
476 3141 637 3206 facultatis
659 3141 901 3221 incomparabili
918 3142 1103 3222 splendore,
1121 3159 1158 3207 ac
1173 3144 1269 3208 etiam

173 3241 401 3322 temporalium
418 3255 526 3303 rernm
549 3239 752 3319 amplissimo
772 3251 937 3321 proventu.
955 3241 1042 3304 dabit
1058 3241 1193 3306 facultas
1212 3243 1269 3307 do-

174 3340 264 3404 mino
281 3337 403 3418 regenti
421 3337 528 3402 futuro
545 3337 577 3399 in
596 3337 777 3402 subsidium
794 3355 851 3418 pro
869 3338 1018 3403 domibus
1034 3341 1268 3414 conducendis,

174 3439 344 3522 inquibus
360 3437 497 3520 predicti
512 3437 656 3517 magistri
672 3447 703 3501 et
715 3437 850 3518 iuvenes
863 3437 984 3501 servari
1000 3447 1031 3501 et
1043 3438 1167 3502 institui
1184 3449 1270 3520 pote-

175 3549 263 3613 runt,
281 3553 320 3602 ac
337 3553 396 3618 pro
412 3536 510 3601 fundo
526 3536 663 3602 emendo
679 3546 710 3599 ct
725 3539 864 3615 aptando
887 3537 918 3598 in
936 3552 1027 3600 usum
1051 3537 1148 3602 futuri
1171 3539 1268 3618 peda-

176 3639 276 3720 gogia
301 3637 403 3702 semel
430 3647 592 3700 trecentos
617 3643 650 3699 et
674 3634 787 3715 viginti
813 3636 956 3716 quinque
981 3634 1123 3700 florenos
1149 3636 1267 3712 Caroli,

176 3738 328 3804 videlicet
343 3737 501 3800 ducentos
523 3750 595 3798 cum
611 3733 722 3814 viginti
738 3734 880 3814 quinqua
898 3734 929 3796 in
947 3736 1117 3815 promptis,
1140 3745 1172 3800 et
1195 3735 1269 3801 reli·

175 3853 258 3918 quos
274 3844 406 3902 centum
425 3843 534 3913 postea
550 3831 638 3896 dabit
654 3832 787 3896 facultas
804 3843 947 3914 tempore
963 3844 1138 3913 oportuno.
1155 3835 1194 3899 Et
1210 3835 1269 3900 beo

174 3935 234 4000 sub
248 3932 495 4000 conditionibus
510 3931 704 4010 subscriptis
723 3949 730 3993 :

215 4035 251 4099 ln
269 4031 387 4116 primis
402 4031 488 4112 quod
511 4029 663 4096 dominus
679 4047 794 4110 regens
811 4029 893 4094 intra
917 4031 1081 4096 biennium
1098 4033 1158 4097 sibi
1178 4043 1267 4099 tene·

173 4133 260 4200 bitur
282 4145 478 4212 comparare
499 4129 633 4193 fundum
653 4127 774 4209 judicio
798 4129 958 4194 facultatis
981 4131 1184 4196 commodum
1209 4149 1266 4213 pro
