3130 4956
655 444 841 510 -189-

201 623 296 689 sitate
311 623 515 702 lovaniensi,
533 641 627 707 quem
649 641 746 708 super
769 627 882 693 eodem
905 625 1083 708 pedagogio
1098 625 1284 693 honorande

203 722 296 786 matri
311 723 449 788 facultati
465 724 593 797 artium,
610 741 666 790 seu
686 724 830 804 ejusdem
847 725 1004 790 facultatis
1023 723 1182 805 deputatis
1197 724 1285 790 ordi·

203 821 315 898 nariis,
333 821 365 886 in
390 822 441 886 his
468 823 600 904 scriptis
622 823 760 898 exhibet,
781 831 814 888 ut
836 841 872 890 ex
897 824 943 890 eis
959 840 1012 890 res
1028 823 1103 888 dicti
1119 823 1285 906 pedagogii

203 920 304 984 semel
320 927 431 999 pacate
446 928 479 986 et
493 921 626 986 stabiles
642 938 715 986 esse
732 923 868 1002 possint,
886 929 918 986 et
933 930 1043 987 contra
1059 921 1284 988 nonnullorum

202 1017 383 1082 calumnias
408 1019 602 1101 intelligatur
625 1018 721 1084 nichil
739 1019 841 1102 magis
863 1020 982 1085 dictum
1008 1019 1284 1085 Armenterianum

202 1132 322 1196 cupere
333 1133 429 1196 quam
443 1118 686 1198 perpetuitatem
700 1126 731 1182 et
741 1117 1103 1182 conservationemdicti
1116 1117 1282 1200 pedagogii

201 1213 426 1295 bonorumque
442 1231 616 1296 pauperum
632 1224 664 1280 et
683 1215 905 1296 magistrorum
923 1215 1077 1297 ejusdem,
1102 1232 1138 1280 ac
1160 1215 1282 1281 eisdem

201 1311 297 1376 bonis
324 1329 389 1377 non
414 1329 526 1393 parum
553 1313 593 1378 de
619 1330 678 1379 suo
705 1313 854 1395 adjicere,
883 1321 1068 1395 tantumque
1094 1313 1220 1387 abesse,
1249 1323 1283 1379 ut

201 1409 348 1474 imminui
363 1411 533 1493 quicquam
548 1412 587 1475 ab
603 1412 650 1476 eis
666 1411 743 1476 velit
758 1419 810 1476 aut
826 1411 973 1490 patiatur.

243 1589 381 1654 Primum
397 1599 502 1655 autem
525 1598 556 1655 et
571 1599 643 1654 ante
658 1591 778 1665 omnia,
797 1598 909 1655 uttam
925 1589 1057 1654 lacoltas
1073 1607 1166 1671 quam
1182 1591 1280 1656 ceteri

200 1687 380 1769 intelligere
410 1688 546 1768 possint,
564 1689 672 1770 quanti
702 1688 823 1753 dictum
855 1687 1064 1769 pedagogiom
1094 1688 1169 1752 dicti
1197 1690 1281 1766 (lisez

199 1784 296 1862 dicto)
308 1787 549 1851 hrmenteriano
561 1787 742 1851 constiterit
755 1803 851 1867 supra
866 1803 962 1852 onera
976 1794 1166 1852 testamento
1178 1803 1279 1868 quon·
1326 1823 1330 1834 ·

200 1883 273 1946 dam
290 1885 433 1962 magistri
449 1885 553 1950 Caroli
569 1884 667 1948 Virnli
684 1885 832 1965 imposita
850 1903 857 1950 :

243 1983 389 2046 Declarat
410 1983 514 2047 dictus
534 1983 806 2056 hrmenterianus
832 1984 917 2064 quod
939 2000 997 2063 pro
1016 1983 1192 2065 pedagogio
1206 2000 1278 2063 pre-

199 2079 287 2146 dicto
301 2081 399 2146 solvit
416 2082 575 2162 qnondam
593 2082 745 2164 magistro
764 2081 860 2146 Leoni
876 2082 991 2146 Oulers
1007 2099 1160 2146 summam
1177 2082 1278 2146 octin-

199 2189 370 2259 gentorum
383 2179 576 2245 llorenorum
594 2179 815 2254 rhenensium;
830 2180 924 2260 idque
936 2196 1033 2260 sopra
1045 2197 1126 2245 onos
1142 2181 1278 2245 duorum

200 2277 379 2342 bursalium
394 2279 580 2345 alendorum
603 2279 642 2342 ad
665 2279 759 2342 vitam
782 2278 858 2342 dicti
887 2278 1027 2359 magistri
1045 2280 1170 2343 Leonis.
1188 2278 1276 2351 Quod

203 2391 286 2440 onus
308 2377 455 2440 ascendit
476 2376 611 2457 singulis
633 2377 738 2448 annis,
763 2376 824 2439 vita
844 2375 986 2456 ejusdem
1004 2377 1145 2458 magistri
1162 2376 1277 2442 laconis

201 2475 348 2548 durante,
367 2474 404 2538 ad
421 2475 628 2557 quadraginta
643 2484 716 2540 octo
733 2475 873 2540 llorenos
889 2475 1077 2542 rhenenses.

241 2571 333 2650 item,
347 2574 432 2655 quod
445 2590 486 2639 eo
500 2575 636 2654 amplius
648 2574 751 2638 adhoc
768 2573 928 2638 sustinere
940 2574 1048 2638 debuit
1059 2591 1143 2640 onus
1155 2574 1278 2639 reditus

200 2670 306 2736 vitalis
322 2671 551 2752 quinquaginta
567 2670 718 2736 similium
736 2671 931 2736 llorenorum
947 2671 1163 2747 cirenensium,
1184 2689 1281 2753 qoem

200 2769 308 2835 dictus
321 2769 545 2851 magisterLeo
557 2770 717 2850 quondam
730 2770 1131 2851 magistroNicolaoviruli
1144 2770 1278 2850 ejusque

202 2871 306 2946 uxori,
324 2870 408 2934 etad
432 2869 597 2950 utriusque
616 2869 848 2943 commitam,
866 2869 1074 2934 constituerat
1089 2877 1119 2933 et
1134 2869 1279 2950 assigna-

201 2979 289 3034 verat
323 2984 381 3048 pro
414 2976 504 3048 parte
536 2967 612 3032 dicti
641 2967 806 3048 pedagogii
836 2967 939 3031 eidem
969 2967 1121 3048 magistro
1146 2967 1280 3032 Nicolao

198 3075 413 3147 competente.
442 3064 532 3141 Quod
557 3083 639 3130 onus
667 3081 728 3129 ona
754 3081 826 3130 cunr
853 3073 995 3146 pretaclo
1018 3065 1080 3130 alio
1103 3065 1157 3130 illo
1182 3081 1280 3130 onere

199 3167 360 3230 dictorum
396 3165 532 3228 duorum
567 3163 743 3229 bursalium
779 3163 818 3226 ad
847 3163 943 3227 vitam
973 3163 1106 3244 pretacli
1137 3162 1279 3244 magistri

201 3264 330 3339 Leonis,
347 3262 452 3326 dictus
474 3262 733 3327 Armenterianus
746 3259 834 3341 juxta
857 3277 1058 3326 communem
1075 3261 1280 3326 consuetudi-

202 3379 273 3426 nem
291 3362 345 3424 hic
360 3359 487 3424 estimat
502 3359 541 3422 ad
556 3359 758 3440 octingentos
777 3359 916 3424 llorenos
932 3361 1108 3424 rhenenses
1121 3359 1231 3432 semel,
1249 3367 1281 3422 et

112 3467 115 3472 “
197 3461 269 3542 jure
285 3461 324 3524 ad
350 3457 501 3538 majorem
517 3474 673 3521 sommam
696 3457 897 3530 ascenderet,
915 3467 1039 3522 servata
1054 3457 1277 3528 calculatione,

200 3561 239 3625 dc
255 3575 317 3640 oria
333 3559 365 3622 in
381 3557 464 3622 libro
481 3557 691 3621 hereditatum
707 3556 739 3618 ll.
757 3555 796 3620 ad
813 3557 834 3618 l.
852 3556 1032 3620 Falcidiam.

242 3659 338 3730 ltern,
371 3672 468 3736 sopra
498 3655 665 3736 premissa,
684 3663 714 3719 ut
745 3656 849 3720 dictus
878 3654 1140 3721 Armenterianus
1170 3661 1280 3734 posset

201 3759 330 3840 quietus
352 3771 391 3819 ac
414 3753 565 3834 pacificus
580 3770 654 3819 esse
673 3753 704 3816 in
721 3755 929 3834 possessione
948 3763 979 3820 et
999 3754 1070 3835 jure
1092 3753 1168 3818 dicti
1184 3751 1279 3834 peda-

105 3853 107 3862 '
201 3856 298 3938 gogii,
317 3853 430 3918 debuit
444 3851 547 3917 adhuc
571 3851 648 3916 dare
664 3851 836 3916 heredibus
852 3853 1010 3932 quondam
1029 3853 1170 3933 magistri
1186 3855 1280 3916 loan-

203 3956 251 4018 nis
264 3953 354 4018 h'evii
368 3955 473 4031 (prout
486 3951 536 4014 hic
549 3951 683 4026 estimat)
698 3966 853 4014 sommam
866 3951 1076 4017 ducentorum
1088 3952 1284 4016 llorenorum

202 4051 425 4122 rhenensiurn,
443 4047 531 4112 salvo
547 4048 641 4129 pluri.

243 4153 336 4226 henr,
355 4147 465 4213 debuit
479 4146 626 4213 similiter
641 4146 769 4212 solvere
784 4147 1056 4224 Armenterianus,
1071 4159 1165 4229 prout
1180 4147 1285 4212 adhuc
1404 4191 1407 4200 .

1166 4264 1202 4332 13
