3232 4942
358 715 419 788 70.
449 716 613 788 Curabar
641 739 686 790 on
712 723 889 790 n'ansnrn
914 738 961 790 nn
988 715 1196 790 Fuonaarrt.

278 915 442 995 &leolam
459 913 663 993 litoreffionse.
679 912 848 980 seminarii
871 913 1090 980 Florelbensis
1106 914 1138 978 in
1155 913 1324 980 Academia

236 1014 296 1079 bau
311 1013 503 1078 lovaniensi
520 1012 664 1095 erigendi
680 1013 826 1088 facultas.
844 1021 875 1080 et
897 1013 935 1078 ad
959 1013 1045 1077 illam
1070 1012 1166 1080 linem
1191 1012 1323 1080 lundam
1346 1039 1348 1042 ·

236 1113 362 1180 emendi
378 1113 537 1178 indultum
559 1127 715 1178 consessa
731 1112 860 1179 luerunt
882 1129 900 1178 a
918 1111 1138 1178 serenissimis
1156 1111 1322 1196 Belgarum

237 1212 434 1293 principibus
461 1212 593 1278 alberto
619 1221 650 1277 el
676 1211 811 1278 isabella
838 1211 1007 1294 dongasti
1031 1211 1123 1284 loli,
1147 1211 1324 1277 reverendo

234 1313 404 1377 admodum
418 1311 549 1376 domino
560 1310 674 1376 loanni
688 1311 833 1388 Redemi,
847 1315 959 1378 beatae
973 1310 1088 1377 llariae
1102 1309 1321 1376 Floreiflensis

234 1412 352 1487 abbati,
370 1411 495 1477 ordinis
512 1409 844 1476 Praemoustratensis
862 1409 983 1476 vinario
1002 1409 1157 1492 generali,
1174 1418 1206 1474 ot
1221 1408 1323 1474 eiros-

234 1511 354 1576 riarum
385 1508 617 1584 Florslliensis,
649 1509 818 1576 Flandriae
847 1517 879 1575 et
904 1508 1138 1590 westphaliae,
1165 1508 1322 1574 visitatori

234 1609 425 1691 apostoliea,
450 1607 577 1690 collegii
606 1608 701 1690 nujus
726 1607 901 1686 fundatum,
927 1607 981 1690 qui
1005 1607 1137 1674 landum
1160 1607 1248 1682 emit,
1265 1607 1322 1672 sed

234 1708 275 1774 ob
297 1709 403 1774 varias
429 1709 573 1776 rationes
598 1707 660 1774 sub
685 1725 786 1776 onere
809 1718 972 1774 oertorum
997 1706 1176 1782 redituum
1194 1705 1323 1788 reliquit

235 1817 339 1873 lamen
357 1807 510 1888 pecuniae
525 1823 682 1873 summam
702 1805 899 1872 redimendis
915 1805 1071 1872 reditibus
1093 1803 1319 1872 sufficientem.

233 1907 301 1982 Qua
327 1907 485 1972 medianto
510 1907 581 1989 ejus
606 1907 638 1971 in
654 1905 813 1972 abbatiali
839 1906 990 1989 dignitate
1013 1921 1198 1980 successor,
1229 1920 1320 1970 rera-

234 2007 356 2072 rendns
367 2007 539 2072 admodum
551 2007 702 2072 dominus
717 2006 851 2072 Carolus
866 2007 907 2072 de
918 2005 1039 2077 Severi,
1053 2003 1173 2070 dietum
1186 2003 1319 2069 lundam

233 2107 430 2172 exoneravit.
448 2106 539 2172 liano
561 2115 667 2172 nutem
691 2105 836 2181 landum,
857 2105 943 2172 oiroa
966 2121 1084 2169 annum
1108 2102 1200 2176 leet,
1220 2101 1319 2168 abbas

231 2205 419 2272 Guilielmus
445 2206 485 2274 do
505 2205 598 2272 lallet
620 2222 704 2271 novo
727 2222 764 2272 ao
790 2205 960 2287 splendido
987 2203 1133 2270 aedilicio
1160 2217 1317 2269 exornare

232 2304 429 2370 intendebat.

272 2404 403 2488 collegii
420 2405 527 2486 bajus,
545 2405 598 2468 siti
614 2411 702 2471 extra
718 2414 750 2470 at
767 2405 857 2486 iuxta
880 2413 1003 2484 portam
1026 2400 1316 2468 lliestbemiensem

231 2511 373 2568 veterem
389 2521 446 2568 seu
464 2505 662 2579 interiorem,
679 2505 771 2568 loous
787 2503 1039 2568 amoenissimus
1060 2510 1129 2566 erat
1151 2509 1182 2566 et
1204 2499 1318 2566 bertus

231 2601 313 2666 visui
341 2611 373 2666 et
399 2601 469 2666 usui
501 2601 636 2668 miriilee
662 2603 848 2685 adaptatum
878 2604 909 2666 in
940 2619 1003 2684 quo
1030 2600 1192 2667 seminarii
1223 2599 1319 2681 buius

232 2699 389 2776 studiosi.
423 2701 477 2782 qui
504 2699 723 2768 Floreffiensis
750 2709 781 2766 et
810 2701 944 2766 aliarum
971 2701 1167 2765 abbatiarum
1194 2698 1318 2764 ordinis

233 2797 573 2872 Praemonstratensis.
599 2801 787 2881 praesertim
809 2800 972 2865 walloniei
999 2799 1174 2874 idiomatis.
1198 2798 1317 2863 alumni

231 2899 435 2974 mantuanis
459 2907 491 2964 et
508 2897 697 2965 sufficientia
719 2899 866 2980 corporis
885 2899 1037 2965 exercitia
1058 2898 1118 2964 sibi
1138 2899 1314 2964 constitue-

230 3007 313 3072 rant,
329 3005 362 3062 ut
377 2999 439 3063 alio
455 3015 627 3064 excurrere
643 3017 706 3064 non
723 2999 889 3076 deberent,
904 2999 957 3064 illa
974 3007 1007 3064 ut
1023 2999 1232 3080 inquirerent.

270 3093 495 3162 Florellienses
511 3107 656 3163 eruerunt
670 3097 708 3160 ll
720 3097 865 3163 octobris
877 3097 957 3162 ldtd
970 3098 1009 3162 ab
1021 3098 1147 3162 llndrea
1160 3097 1200 3162 de
1213 3097 1315 3180 llroey

228 3203 261 3261 et
277 3195 422 3276 Philippo
440 3195 579 3261 Everard
596 3205 719 3276 septem
736 3196 899 3262 demusin
916 3197 1018 3278 platea
1031 3197 1127 3278 vulgo
1143 3205 1218 3260 tune
1231 3195 1315 3259 diota

227 3293 268 3360 de
279 3296 540 3378 Bneemeynatruet
551 3295 725 3375 (hodierne
736 3297 789 3362 des
802 3296 981 3380 Orpbelins)
996 3297 1166 3378 contiguas
1178 3295 1314 3376 eollegrio

229 3393 363 3476 ejusque
379 3396 486 3460 horto.

272 3493 403 3559 buobus
430 3487 577 3560 lontibus
600 3495 742 3576 irriguus
769 3505 837 3560 erat
865 3495 993 3577 collegii
1022 3496 1146 3569 hortus,
1173 3493 1259 3576 quod
1285 3501 1317 3558 et

226 3589 347 3658 indicat
363 3593 532 3674 inscriptio
549 3591 661 3676 maiori
681 3593 811 3678 collegii
828 3604 940 3676 portae
958 3593 1221 3676 superimposita,
1235 3609 1317 3674 quae

228 3691 402 3758 etiamnum
415 3693 511 3759 bodie
533 3697 627 3772 (anno
644 3694 734 3770 latet
751 3693 782 3757 in
800 3695 921 3776 pariete
936 3691 1074 3759 aedilloii
1095 3710 1153 3758 seu
1169 3691 1318 3774 antiquae

226 3791 355 3866 domus,
379 3793 455 3857 olim
483 3793 620 3859 laniltaa
647 3810 705 3859 sen
731 3793 905 3858 haeredum
931 3793 1053 3858 domini
1081 3791 1145 3856 Van
1174 3789 1316 3857 Bemmel

226 3891 331 3968 (modo
348 3892 521 3957 haeredum
538 3892 661 3958 domini
677 3891 718 3956 de
734 3891 905 3974 Ryekmanl
922 3879 1062 3975 legitur:

266 3989 334 4054 lire.
349 4007 462 4054 suarm.
477 3994 621 4071 ro[n]rss.
636 4011 758 4056 annuus
772 4009 854 4056 ruurr
872 3995 879 4072 Ι
897 4010 1000 4062 trous.
1013 4008 1134 4056 narrans
1152 3991 1158 4075 Ι
1177 3990 1239 4057 Sta.
1250 4007 1313 4055 sos.

225 4106 384 4154 errentur.
410 4093 603 4170 nonn[niour].
632 4110 719 4156 vrvrrs
737 4091 743 4175 Ι
762 4093 964 4172 orlandinus]
982 4091 988 4174 Ι
1006 4091 1038 4155 ln
1076 4109 1200 4155 arnone.
1224 4107 1317 4155 exan-

227 4207 380 4254 crrarrone
398 4189 404 4270 i
422 4209 471 4256 an.
489 4195 691 4272 rnrerrrnlrnl.
711 4193 906 4271 llrsralniue].
927 4210 972 4256 ur.
994 4191 1154 4273 studiosi
1176 4193 1316 4272 aaudml.

231 4307 278 4353 se.
303 4288 308 4372 Ι
330 4289 449 4355 ‚Antio
467 4289 559 4356 lato.
