3252 4954
712 410 898 476 -a03-

296 596 476 663 Gudietmuc
516 594 625 666 Decus,
665 592 762 658 lrater
799 593 902 658 nostri
943 592 1115 672 praesidis,
1147 595 1344 660 secretarius

251 694 363 776 oppidi
381 693 602 766 Lovaniensis,
626 690 880 772 jurisconsultus
904 709 968 757 non
984 692 1157 757 incelebris
1179 705 1211 757 et
1239 694 1344 759 eidem

257 794 326 859 urbi
349 809 366 856 a
389 789 589 872 patrociniis,
614 789 694 854 obiit
716 807 801 854 anno
824 790 914 854 lato.
943 791 1081 856 Duxerat
1103 791 1134 855 in
1158 792 1222 856 divi
1245 793 1343 866 Petri,

251 893 273 957 2
293 891 364 972 julii
389 891 479 966 tota,
497 891 654 956 loannem
677 889 807 954 Mariam
830 890 896 954 l'an
912 891 952 956 de
971 891 1058 962 Poel,
1079 891 1174 954 liliam
1196 892 1344 956 loannis.

256 993 374 1056 Eorum
401 989 464 1053 lilia
493 991 618 1056 toanna
639 990 743 1054 lllcrlc
767 990 952 1070 blupduleuu
976 992 1074 1054 licens
1101 990 1210 1070 nupsit
1238 992 1344 1058 Marco

256 1090 398 1156 Antonio
424 1089 464 1153 de
487 1090 677 1169 Amenzaga,
695 1090 867 1170 toparchae
888 1088 928 1154 de
952 1088 1101 1154 Bossuto.
1119 1091 1210 1154 Arruu
1232 1093 1341 1166 Decus,

253 1189 354 1253 altera
377 1187 536 1252 Guilielmi
559 1187 636 1262 lilia,
654 1187 763 1267 nupsit
784 1187 899 1252 loanni
923 1187 1094 1252 Francisco
1117 1187 1341 1255 Verschrieclr.

255 1287 334 1351 Vide
358 1294 581 1351 testamentum
605 1285 794 1351 domicellae
818 1286 953 1352 berinae
977 1287 1041 1350 Van
1061 1288 1101 1351 de
1118 1288 1203 1364 luel,
1230 1297 1344 1354 mater-

258 1394 347 1451 terae
363 1401 485 1460 earum,
503 1384 542 1448 30
559 1383 669 1466 aprilis
692 1387 777 1460 llll,
795 1402 903 1450 coram
921 1385 1043 1450 notario
1062 1385 1202 1459 havidts,
1221 1399 1255 1450 no
1272 1389 1343 1463 tlt,

257 1485 469 1550 inlinelibri.

297 1633 378 1697 lllll.
400 1635 574 1698 hecataeus
595 1633 743 1697 losernus
765 1634 980 1708 Srnenatnea,
1007 1635 1228 1710 lovaniensis
1255 1653 1344 1715 pres-

256 1733 359 1814 byter,
374 1733 456 1813 juris
473 1733 640 1813 utriusque
664 1733 846 1798 licentiatus
863 1745 894 1798 ct
910 1733 983 1798 dein
1007 1735 1131 1805 doctor.
1149 1734 1344 1799 roristitutus

257 1832 315 1896 luit
331 1831 426 1912 hujus
449 1831 575 1910 collegii
595 1848 725 1912 praeses
750 1832 788 1895 ab
806 1831 990 1896 novembris
1014 1831 1093 1894 stlat
1113 1833 1163 1911 (l).
1192 1833 1345 1898 beluncto

260 1934 470 2013 blagermans,
490 1933 614 1996 transiit
638 1933 676 1994 ad
693 1932 942 2014 praesidentiam
967 1932 1092 2012 collegii
1118 1933 1220 1996 sancti
1239 1933 1345 1998 lvonis

258 2032 298 2095 hi
326 2032 429 2095 martii
457 2031 553 2106 llam
582 2048 600 2096 e
626 2048 690 2112 quo
718 2047 801 2096 anno
830 2031 907 2095 libi
935 2031 1081 2114 migravit
1110 2033 1148 2094 ad
1176 2033 1346 2114 collegium

259 2129 486 2200 Sabaudicum.
514 2129 598 2194 Obiit
623 2130 663 2192 ‘23
690 2129 763 2212 maji
790 2130 880 2193 litt.
910 2131 988 2198 Vide
1015 2129 1048 2193 ll.
1073 2131 1168 2204 Nave,
1194 2148 1249 2212 op.
1277 2133 1344 2208 cit,

262 2247 291 2310 p.
317 2229 394 2303 393;
419 2229 502 2294 iuter
524 2229 608 2310 juris
633 2230 800 2310 utriusque
824 2230 987 2304 doctores,
1015 2239 1046 2294 et
1071 2229 1153 2294 inter
1182 2230 1347 2310 praesides

259 2327 387 2408 collegii
403 2327 506 2392 sancti
524 2328 642 2400 lvonis,
659 2337 691 2390 n⁰
705 2327 835 2403 llllllll,
849 2337 880 2392 et
895 2328 1021 2410 collegii
1036 2327 1216 2402 Sabaudici,
1232 2340 1264 2391 n⁰
1276 2327 1344 2392 llll.

302 2475 383 2540 xlv.
402 2477 555 2540 anninus
577 2476 771 2541 (lantramnus
790 2477 852 2539 Van
875 2495 930 2539 oen
954 2476 1105 2550 Buscnnn,
1125 2477 1344 2552 lovaniensis,

262 2573 348 2639 lilius
377 2575 544 2656 Geldolphi
574 2587 606 2640 et
637 2577 752 2641 blaviae
784 2576 955 2641 Therasiae
986 2576 1124 2651 dellens,
1153 2595 1171 2640 e
1204 2576 1346 2657 patriciis

261 2673 371 2753 oppidi
390 2674 606 2752 hovaniensis,
623 2683 716 2738 natus
733 2675 772 2738 23
789 2675 972 2739 novembris
991 2676 1080 2750 llll,
1096 2675 1126 2738 in
1145 2676 1348 2755 promotione

263 2772 378 2836 artium
405 2772 479 2835 anni
507 2773 580 2836 litt
608 2791 626 2837 e
653 2771 765 2838 Castro
791 2773 966 2855 vigesimus
996 2774 1129 2848 tertius;
1157 2774 1232 2838 iude
1265 2791 1349 2838 anno

265 2871 345 2934 1732
373 2871 455 2936 inter
484 2888 595 2936 sacrae
630 2873 811 2954 theologiae
844 2874 992 2936 alumnos
1028 2874 1155 2953 collegii
1193 2873 1349 2954 pontificii

263 2970 458 3051 adscriptam,
490 2971 525 3035 ht
554 2988 666 3036 sacrae
696 2972 877 3053 theologiae
914 2971 1142 3036 baccalaureus
1179 2973 1346 3048 formatus

263 3068 498 3150 disputationes
526 3089 582 3150 pro
606 3071 706 3151 gradu
735 3072 883 3135 licentiae
910 3071 1031 3144 habuit,
1049 3082 1144 3150 atoue
1167 3071 1349 3136 sacerdotio

263 3168 417 3238 initiatus.
444 3169 598 3248 primitias
624 3170 799 3234 celebravit
830 3169 865 3232 19
890 3170 992 3232 martii
1022 3169 1113 3232 litt.
1147 3169 1351 3250 Excipieudis

262 3267 336 3332 dein
361 3269 750 3332 sacris'conlessionihus
780 3269 810 3330 in
835 3268 971 3332 ecclesia
995 3269 1058 3331 divi
1080 3269 1189 3332 iacobi
1214 3269 1352 3348 aliisque

266 3365 383 3430 muniis
408 3367 623 3446 pastoralibus
646 3377 776 3432 strenue
800 3385 836 3431 se
859 3368 1008 3432 accinxit.
1030 3369 1083 3431 bie
1108 3367 1147 3430 93
1167 3367 1248 3448 junii
1273 3366 1352 3430 l'llh

265 3465 315 3528 via
341 3466 569 3531 nominationis
594 3467 795 3530 academicae
819 3468 920 3530 lactus
944 3475 992 3530 est
1016 3477 1126 3548 pastor
1149 3467 1179 3528 in
1197 3465 1352 3546 Campen-

267 3565 362 3638 hout;
381 3565 465 3629 uude
484 3581 567 3628 anno
585 3563 677 3638 trau,
701 3565 872 3644 plaudente
891 3575 955 3629 tota
975 3565 1113 3637 civitate,
1128 3582 1144 3628 a
1162 3564 1352 3628 consulibus

267 3663 376 3744 oppidi
391 3663 597 3728 lovaniensis
610 3675 788 3738 revocatur,
803 3663 985 3728 nominatus
997 3664 1154 3728 ccclesiae
1166 3661 1353 3744 collegiatae

266 3762 330 3826 divi
358 3763 441 3828 Petri
470 3762 639 3842 plebanus.
663 3761 802 3825 Gradum
830 3762 976 3827 licentiae
1000 3764 1031 3826 in
1054 3779 1146 3826 sacra
1173 3761 1354 3841 theologiae

266 3860 399 3942 adeptus
416 3863 453 3925 al
473 3862 583 3942 aprilis
609 3862 699 3935 llbl,
717 3861 770 3925 die
794 3861 832 3924 ·l8
849 3861 921 3942 maji
946 3860 1092 3942 sequenti
1115 3859 1291 3925 admittitur
1314 3859 1354 3922 sd

266 3960 437 4025 concilium
456 3961 615 4026 facultatis
632 3959 844 4040 theologicae.

305 4155 343 4228 tl)
363 4157 420 4210 ch
435 4157 501 4212 dicit
520 4157 552 4211 13
564 4161 726 4212 novembris.
