3130 4956
575 558 616 570 -
636 499 694 588 ili
723 549 763 568 a

141 722 229 770 settsu
257 723 315 786 pro
342 706 449 787 aliquo
476 705 662 788 fidejubere,
690 705 855 786 respondit
880 721 916 770 se
940 703 981 768 ob
1002 713 1107 770 votum
1125 699 1212 772 nullo

143 805 229 869 modo
252 822 352 886 posse
380 803 565 887 fidejubere.
597 805 674 870 Post
704 822 797 886 quam
826 803 1045 876 collationem,
1077 804 1212 870 dimisso

143 903 264 969 domino
291 905 457 986 preposito
482 913 514 970 et
532 904 663 969 domino
685 914 815 984 repento
833 902 925 984 jusso
945 902 1032 968 exire
1053 920 1124 967 cum
1145 904 1214 968 suia

144 1002 311 1084 magistris,
352 1003 519 1084 proposuit
547 1002 696 1068 dominus
725 1003 867 1067 decanus
896 1001 926 1065 in
955 1001 1214 1068 deliberationem

143 1100 353 1176 dominorum,
366 1101 442 1182 quid
453 1101 595 1182 judicent
607 1100 728 1166 domini
742 1100 874 1165 ulterius
887 1100 918 1164 iu
931 1100 992 1165 ltoc
1005 1101 1131 1182 negotio
1142 1117 1215 1166 esse

142 1201 330 1266 iaciendum.
368 1201 494 1266 Auditis
530 1200 732 1266 dominorum
773 1199 950 1278 responsis.
988 1217 1028 1266 att
1068 1199 1216 1266 uniformi

141 1299 273 1365 omnium
287 1299 493 1365 dominorum
506 1299 736 1365 deliberatione
749 1298 905 1362 conclusit
917 1297 1065 1363 dominus
1075 1297 1215 1362 decanus

143 1415 194 1478 pro
209 1399 321 1462 ultima
336 1399 406 1464 rice
422 1399 683 1464 introvocandum
698 1414 772 1464 esse
784 1396 948 1461 dominum
965 1405 1125 1477 regentem
1142 1413 1214 1462 cum

142 1496 394 1577 submagistris
420 1505 451 1562 et
476 1497 577 1562 amice
602 1495 848 1569 admonendum,
882 1505 927 1562 ut.
957 1494 1063 1558 habita
1093 1494 1215 1560 ratione

142 1595 266 1660 honoris
283 1595 391 1660 adbuc
406 1595 468 1670 sui,
487 1595 593 1676 potius
610 1596 692 1660 ultro
708 1595 746 1658 ad
765 1611 878 1658 manus
894 1593 1216 1674 t'acultatisresignut

143 1695 311 1776 regentiam
347 1712 459 1769 suam,
496 1711 588 1776 quam
625 1694 759 1774 turpiter
788 1710 845 1773 per
872 1691 1019 1757 dominos
1048 1691 1216 1772 deputatos

140 1793 306 1872 plenariam
332 1794 394 1859 ltoc
416 1793 551 1858 iacieudi
574 1809 590 1856 a
606 1793 754 1858 facultate
770 1792 829 1856 sub
841 1791 1020 1872 iuramento
1036 1789 1216 1871 specialiter

139 1891 172 1954 ad
197 1893 257 1958 boc
278 1901 458 1958 convocata
480 1901 666 1972 potestatem
691 1891 844 1956 trabentes
867 1906 883 1953 a
905 1906 961 1953 sua
985 1889 1126 1970 regentia
1141 1888 1239 1954 dos-.

138 1991 271 2067 litantur,
294 1991 415 2073 alioqui
439 1991 589 2056 dominos
609 1990 697 2072 juxta
715 1997 902 2070 potestatem
919 1987 979 2051 tibi
995 1989 1098 2051 datam
1111 1986 1217 2052 decla·

143 2105 208 2155 rare
227 2090 292 2171 jam
321 2089 362 2155 de
388 2091 471 2155 tacto
501 2091 604 2170 ipsum
630 2105 704 2154 esse
730 2086 967 2152 destituendum
997 2095 1090 2166 atque
1119 2085 1215 2150 alium

143 2189 383 2270 surrogandum.
408 2189 510 2270 Super
531 2205 592 2270 qna
614 2187 814 2252 dominorum
831 2185 1059 2250 deliberatione
1074 2185 1216 2250 introvo-

143 2297 225 2352 ratus
240 2287 394 2353 dominus
410 2304 537 2368 tegens,
554 2295 585 2352 et
600 2303 656 2367 per
671 2285 833 2350 dominum
850 2283 1005 2348 decanum
1021 2283 1215 2358 admonitus,

143 2384 201 2450 imo
221 2397 367 2469 rogatus,
393 2395 427 2452 ut
450 2384 588 2450 dominis
612 2384 692 2450 bene
709 2382 954 2448 admonentibus
970 2381 1215 2462 obtemperaret,

144 2485 246 2564 petivit
266 2485 329 2550 sibi
346 2484 414 2550 dari
432 2485 536 2550 adbuc
552 2483 651 2548 semel
668 2482 836 2548 terminum
853 2479 1051 2546 deliberandi
1068 2480 1217 2562 usquein

144 2583 247 2646 boram
270 2583 397 2648 tertiam
414 2583 675 2664 pomeridianam.
693 2591 725 2647 ut
742 2580 843 2661 possit
857 2581 1010 2660 cogitare,
1028 2578 1088 2644 sub
1100 2578 1217 2661 quibus

144 2681 378 2748 conditionibus
403 2683 479 2748 velit
505 2682 678 2763 regentium
704 2697 794 2745 suam
821 2679 997 2760 resignare.
1026 2681 1124 2752 Quem
1155 2689 1216 2744 tam

145 2779 258 2846 minum
280 2781 403 2846 domini
431 2781 620 2846 unanimiter
645 2779 704 2859 ipsi
731 2785 921 2842 annuerunt.
947 2777 1039 2853 Acri,
1061 2777 1141 2852 vlit,
1159 2777 1214 2844 lul.

145 2879 348 2946 .29lt·²'clv⁰¹

181 2981 297 3045 Eodem
319 2983 368 3044 die
394 2981 422 3059 (8
447 2980 615 3045 rtuoembm’a
642 2979 743 3057 ilidii,
765 2986 837 3059 post
854 2977 1034 3057 prandium,
1050 2977 1088 3042 ad
1106 2977 1216 3043 boram

147 3081 263 3145 tertiam
297 3081 475 3162 comparuit
510 3081 615 3146 dictus
649 3079 798 3144 dominus
831 3094 947 3157 regens
978 3093 1085 3142 coram
1115 3076 1219 3142 domi·

147 3175 198 3241 uis'
223 3179 385 3260 deputatis
415 3179 563 3259 superius
594 3176 775 3252 nominatis,
805 3175 960 3240 exbibens
983 3191 1041 3255 pro
1062 3191 1220 3254 responso

147 3278 295 3360 scriptum
321 3279 492 3360 quoddam,
520 3278 551 3340 itt
578 3295 641 3358 qno
668 3275 848 3354 resignabat
874 3275 1045 3355 regentium
1073 3290 1162 3338 suam
1187 3273 1219 3337 in

147 3392 254 3442 manus
275 3378 479 3442 dominorum
495 3377 554 3442 sub
568 3375 804 3442 conditionibus
819 3373 952 3454 aliquot,
970 3373 1119 3438 nimirum
1135 3373 1218 3453 quod

148 3475 183 3538 ad
208 3475 372 3542 biennium
400 3476 553 3540 inhabitet
569 3476 697 3540 dotnum
723 3483 754 3538 et
772 3473 901 3538 bortum
917 3472 947 3534 in
966 3472 1066 3551 platea
1083 3472 1219 3536 Flamin-

148 3589 254 3653 gorum
281 3575 342 3638 sub
367 3591 464 3640 onere
484 3563 658 3640 'duodecim
683 3571 889 3647 florenorum,
913 3571 1029 3652 quibus
1051 3587 1087 3636 ea
1104 3571 1218 3636 domus

149 3688 216 3736 cum
241 3673 336 3738 horto
364 3689 381 3736 a
404 3673 505 3755 primo
527 3672 694 3736 laudatore
713 3680 762 3734 est
776 3679 914 3752 gravata,
934 3678 964 3734 et
979 3669 1038 3738 sub
1054 3686 1152 3734 onore
1168 3686 1219 3735 re-

150 3771 343 3848 parationum
367 3773 636 3845 necessariarum
660 3770 746 3844 item,
772 3769 855 3849 quon
879 3786 917 3832 ex
938 3768 1129 3834 lectionibus
1156 3785 1220 3834 mc·

151 3869 391 3950 tapbisicaiibus
405 3871 454 3936 vel
469 3870 592 3936 actibus
608 3867 794 3934 turmalibus
808 3867 1022 3932 emolumenta
1035 3867 1220 3948 provenien·

152 3967 191 4032 tia
208 3971 382 4051 percipiam
402 3971 506 4044 tertio,
527 3970 611 4052 quod
635 3968 712 4034 nulli
733 3967 1012 4048 metaphisicorum
1033 3967 1086 4032 det
1105 3984 1221 4049 regetis
1273 3971 1276 3978 '

154 4081 363 4134 successurus
384 4068 539 4150 signetum
556 4067 594 4132 ad
611 4066 856 4148 promotionem,
875 4065 935 4130 nisi
951 4066 1021 4148 ipso
1038 4066 1127 4146 prius
1142 4083 1221 4132 con-

153 4171 280 4232 tentato.
289 4166 359 4250 Qua
368 4167 578 4248 resignatione
593 4164 798 4232 conditionali
816 4165 985 4246 diligenter
1001 4182 1057 4247 per
1071 4165 1220 4232 dominos

154 4267 326 4334 examinata
345 4267 455 4352 partim
477 4267 509 4333 in
532 4267 690 4354 preserttia
712 4266 813 4350 ipsius
835 4266 974 4350 regentis
997 4275 1028 4334 et
1050 4265 1218 4352 magistro·
