3232 4942
761 427 945 493 ..ppp-

311 620 438 687 discere
463 633 577 682 omnes
606 621 798 698 potestant
825 625 921 676 uuam
948 608 1090 673 Latinam
1115 621 1179 671 nora
1203 593 1333 686 possiti
1351 601 1403 664 An

311 717 384 802 quia
407 715 592 780 difficilem?
607 715 645 778 dt
668 711 831 776 difficilior
853 707 1042 774 Germanica
1062 715 1124 782 est,
1143 713 1197 769 aut
1212 701 1400 774 Sarmatica,

311 809 365 883 aut
381 815 539 898 Scythica.
557 813 639 878 Sane
654 831 729 876 usus
749 821 901 894 quantum
922 808 974 872 bic
997 805 1112 889 possit,
1132 801 1294 869 Michaelis
1310 799 1401 864 lion

311 911 376 982 tani
401 915 583 994 exemplum
610 911 783 978 ostendit:
812 910 867 992 qui
889 909 946 973 lib.
970 907 982 970 l
1004 906 1220 989 Specimiaum,
1244 919 1315 982 cap.
1338 901 1401 963 xxv

311 1024 458 1089 testatur,
475 1013 546 1078 sine
570 1011 643 1076 ullis
667 1027 703 1076 se
724 1007 941 1092 grammaticis
964 1004 1147 1088 praeceptis
1169 1000 1397 1066 latinissimum

312 1114 467 1180 evasisse.
481 1111 639 1194 sedauit
651 1111 692 1176 de
704 1110 762 1175 bac
775 1127 810 1174 re
822 1107 925 1173 tesius
937 1107 1032 1172 etiam
1044 1103 1180 1186 epistola
1195 1117 1264 1166 mea
1277 1113 1400 1180 nupera

312 1214 381 1278 sive
396 1211 624 1277 dissertatione
638 1209 699 1292 egi,
718 1225 803 1274 nunc
819 1223 928 1290 parco,
948 1214 980 1271 et
1001 1205 1136 1272 sormam
1153 1216 1256 1266 norae
1272 1197 1405 1262 institu-

313 1309 598 1392 tionissubjungo.
1088 1341 1092 1346 ·

356 1452 381 1517 1.
395 1450 571 1532 Collegium
583 1449 652 1514 sire
663 1446 910 1514 contubernium
919 1443 1152 1512 instituendum
1165 1456 1237 1507 esse
1249 1435 1403 1503 suadeam

315 1567 487 1634 puerorum
514 1548 667 1640 nobilium
696 1571 704 1612 :
735 1547 792 1614 sed
818 1545 974 1628 auspiciis
1002 1539 1204 1610 serenissimi
1229 1534 1403 1619 principis,

315 1659 486 1718 attentum
504 1665 620 1715 nomen
635 1646 857 1715 auctoritatem
874 1645 980 1740 saciat.

338 1791 397 1886 .¹¹·
421 1788 775 1855 instituendumautem
792 1787 823 1851 ia
839 1787 922 1852 Arce
937 1781 1140 1858 boemiensi,
1159 1779 1212 1846 ubi
1233 1776 1290 1842 lllii
1312 1773 1403 1857 priu-

315 1892 422 1974 cipum
438 1889 567 1955 educari
583 1897 616 1954 et
635 1887 758 1953 institui
782 1886 905 1962 sulcate
923 1891 954 1951 et
976 1883 1081 1966 ipsius
1103 1878 1208 1944 Garuli
1225 1878 1248 1942 V
1264 1872 1401 1957 pueritia

316 1991 355 2056 ab
371 1988 532 2054 liadriauo
554 1989 687 2053 formata
711 1997 760 2052 est
772 1989 825 2066 (b.
839 1987 944 2051 Locus
960 1999 1058 2064 capax
1074 1989 1136 2056 ost,
1152 1977 1214 2042 situ
1231 1989 1399 2046 amoenos,

317 2089 392 2155 aere
414 2087 576 2164 salutaris,
593 2086 739 2153 aedilicio
761 2083 963 2160 commodus,
980 2092 1012 2148 et
1035 2081 1066 2144 in
1089 2081 1176 2144 hunc
1199 2091 1292 2142 usum
1316 2071 1401 2136 taciti

317 2195 445 2270 sumptu
461 2187 633 2268 aptandus.

320 2351 322 2354 ·
357 2329 411 2392 ill.
433 2327 511 2404 Quia
523 2328 627 2410 capite
638 2337 670 2394 et
685 2327 888 2394 moderatore
899 2341 994 2408 opus,
1004 2337 1134 2404 operam
1148 2315 1404 2394 industriamque

318 2427 409 2494 s'uam
425 2427 588 2493 Puteanus
602 2427 710 2504 offert,
726 2428 779 2509 qui
796 2427 840 2491 uti
859 2423 1091 2508 praefecturam
1110 2417 1204 2482 Arois
1220 2431 1237 2478 a
1261 2410 1402 2482 serenis,-

318 2527 401 2594 simc
424 2526 568 2609 principe
591 2527 726 2608 accepit,
751 2528 793 2602 ita
817 2526 900 2590 banc
922 2519 1123 2589 contubernii
1152 2533 1216 2581 non
1243 2513 1396 2593 delegem

319 2645 391 2694 curn
403 2627 481 2692 laris
496 2627 674 2694 libertatem
688 2642 770 2692 nova
782 2627 842 2692 bac
854 2623 1049 2690 habitatione
1061 2631 1236 2702 puerorum
1250 2610 1404 2678 nobilium

321 2743 384 2792 uon
401 2725 564 2808 infringat.

361 2865 413 2932 tv.
430 2864 494 2946 lpsi
518 2866 608 2948 pueri
624 2866 672 2933 sic
693 2866 799 2934 alendi
815 2873 848 2933 et
869 2859 1092 2930 instituendis
1116 2855 1215 2939 prime
1236 2848 1408 2918 nobilitate

319 2963 470 3041 sinteca
495 2965 544 3030 rel
570 2974 645 3032 octo
671 2983 817 3044 numero,
842 2963 1034 3047 principum,
1058 2957 1223 3028 comitum.
1245 2951 1401 3015 baronum

320 3063 376 3128 lilii
391 3081 399 3127 :
417 3080 478 3130 ucc
500 3063 598 3146 recipi
620 3066 654 3130 in
675 3065 923 3133 contubernium
945 3059 1038 3130 Arois
1055 3057 1192 3142 possint,
1210 3050 1271 3118 nisi
1294 3055 1404 3130 potes·

319 3170 417 3230 tatem
431 3179 449 3227 a
464 3164 674 3230 serenissimo
690 3165 835 3248 principe
852 3161 1023 3244 accipiant.

327 3302 329 3306 '
360 3302 396 3366 V.
421 3302 561 3368 Pretium
577 3305 779 3370 contubernii
797 3314 828 3371 et
843 3299 1054 3370 institutionis
1074 3305 1145 3364 esto
1162 3315 1171 3358 z
1188 3281 1403 3360 contubernii,

321 3399 458 3483 quisque
473 3401 577 3467 solvat
593 3423 601 3466 :
620 3403 842 3480 iustitutionis,
859 3401 1036 3468 liberalitas
1052 3392 1207 3482 principis
1222 3385 1362 3468 adjiciat.

365 3541 416 3607 vt.
439 3542 535 3610 lletas
560 3543 750 3627 disciplinae
772 3560 882 3626 capax,
900 3541 1034 3627 puerilis
1056 3548 1139 3606 esto.
1156 3535 1236 3600 dete
1256 3537 1404 3596 cularum

321 3658 440 3708 antrum
459 3660 554 3710 nemo
568 3646 687 3724 veniat,
704 3653 778 3728 post
799 3644 959 3712 decimum
981 3641 1125 3724 quitatum
1149 3647 1242 3700 nemo
1266 3632 1404 3692 maneat.

322 3741 459 3808 Biennio
478 3743 636 3812 institutio
656 3745 784 3828 linguae
806 3744 1002 3819 absolvatur,
1020 3756 1084 3823 uno
1105 3733 1224 3802 deinde
1245 3741 1329 3794 antro
1352 3737 1407 3786 res

325 3847 356 3905 et
372 3849 470 3908 artes.

360 4021 399 4095 (l)
412 4021 452 4080 M.
469 4023 623 4098 Schayeea
645 4029 745 4093 donne.
765 4031 833 4086 dans
853 4031 881 4086 is
899 4029 991 4085 Rwue
1009 4029 1041 4079 de
1061 4021 1209 4080 arnonas
1227 4013 1263 4066 du
1285 4003 1352 4063 11¹0is
1371 4003 1408 4057 ‘10

323 4113 467 4170 decembre
489 4113 568 4182 1838,
586 4135 640 4174 une
661 4119 842 4178 intermeante
864 4121 954 4175 notice
976 4133 1022 4172 sur
1046 4115 1072 4168 le
1095 4105 1320 4168 Citieos-CM·
1339 4095 1415 4148 (Μ

324 4205 466 4260 Puteanus
479 4205 546 4262 eluit
568 4225 742 4280 gourmneur
763 4219 790 4268 el
812 4213 913 4284 auquel
936 4209 957 4266 il
975 4207 1048 4264 erait
1070 4199 1160 4258 donne
1181 4199 1206 4253 le
1228 4209 1291 4249 nom
1314 4187 1408 4242 (ΓΜ

325 4297 462 4354 Palladio.
