3248 4954
723 317 885 381 ,-87-

255 491 421 558 Francisci
437 493 503 556 Van
519 492 581 558 den
597 493 837 566 Nieuwelande,
861 493 981 558 Lauinii
1000 493 1109 558 d'lioir
1129 501 1160 558 et
1182 492 1343 559 domicelli

254 589 388 656 loannis
404 591 556 666 Devuulx,
586 609 709 658 necnon
737 592 876 657 diversis
903 592 1091 657 tractatibus
1107 600 1139 657 et
1154 591 1343 687 conventiq5

258 688 352 754 nibus
378 690 462 755 inter
487 689 632 770 ejusdem
658 692 787 773 collegii
814 690 999 772 provisores
1025 700 1056 755 et
1082 690 1341 784 Universitaterq³

258 789 476 869 magistratum
494 790 590 870 hujus
606 791 714 872 oppidi
731 801 763 856 et
779 789 935 878 haeredes
947 789 1024 856 dicti
1041 789 1193 866 Devaulx,
1207 789 1297 852 initis
1311 798 1344 898 pt

249 887 432 962 conclusis,
450 889 482 951 in
500 889 611 969 primis
635 890 756 954 nullum
780 888 1062 971 deprehenderunt
1084 888 1220 953 subesse
1243 887 1344 980 impp]

254 985 446 1062 dimentum,
463 987 634 1068 quominus
658 987 816 1069 ejusmodi
843 986 1009 1051 translatio
1033 986 1064 1049 in
1088 986 1271 1050 facultatem
1294 1001 1344 1078 app

261 1083 338 1148 tium
362 1101 475 1150 eorum
498 1103 659 1151 consensu
683 1095 715 1151 et
737 1086 930 1151 authoritate
953 1085 1021 1149 lieri
1047 1085 1161 1165 possit,
1180 1084 1241 1148 nisi
1259 1083 1344 1176 quqd

252 1198 372 1247 nomen
389 1192 420 1248 et
437 1183 549 1248 titulus
565 1184 716 1250 antedicti
732 1183 871 1265 collegii,
890 1183 944 1264 qui
960 1192 1010 1248 est
1027 1183 1178 1256 Devaulx,
1208 1181 1350 1274 difficulf,

252 1291 304 1347 ter
320 1283 434 1347 mutari
459 1283 572 1364 possit,
602 1301 640 1348 eu
666 1285 751 1366 quod
778 1283 914 1347 eximius
940 1282 1100 1364 quotidem
1126 1281 1277 1347 dominus
1303 1281 1344 1374 qq

258 1381 331 1462 Bau,
359 1389 435 1446 tunc
459 1381 617 1447 ecciesiae
643 1382 829 1464 collegiatae
854 1383 886 1446 S.
915 1381 1025 1446 iacobi
1041 1382 1182 1446 decanus
1199 1391 1230 1446 et
1245 1389 1344 1474 testa,-

259 1479 355 1544 menti
372 1479 532 1546 domicelli
549 1481 683 1547 ioannis
698 1482 836 1546 Devaulx
853 1481 1024 1561 primarius
1040 1487 1203 1550 executor,
1223 1479 1342 1570 quiquq

255 1579 288 1641 in
306 1590 360 1658 pot
371 1587 463 1644 *state
479 1595 537 1643 sua
554 1580 690 1644 habebat
702 1581 784 1644 buna
798 1597 855 1662 per
866 1580 1012 1643 eumdem
1030 1587 1213 1644 testatorem
1230 1578 1342 1668 reliotq

259 1679 289 1740 in
317 1694 411 1760 quem
438 1678 564 1744 volebat
590 1679 695 1744 locum
720 1679 852 1755 inlerre,
875 1679 906 1742 id
931 1677 973 1742 ita
996 1677 1057 1742 sibi
1081 1678 1253 1758 stipulatus
1279 1682 1341 1784 estf

259 1782 303 1851 ut,
332 1785 452 1842 mutato
479 1777 607 1842 nornine
633 1777 814 1842 Gaudensis
839 1777 979 1858 collegii,
1013 1793 1129 1842 nomen
1158 1785 1190 1841 et
1217 1775 1343 1866 titulunp

253 1874 396 1941 bevaulx
411 1886 591 1942 assumeret
606 1895 644 1942 ao
660 1887 815 1958 perpetuo
828 1878 991 1941 retineret.
1010 1875 1049 1939 Ut
1065 1884 1217 1940 verulam
1234 1874 1343 1964 laudas

256 1972 319 2038 bile
334 1989 428 2055 opus,
446 1975 531 2056 quod
555 1974 690 2040 intendit
714 1975 860 2051 facultas,
884 1974 1034 2057 quodque
1056 1991 1072 2038 a
1090 1982 1178 2038 tanto
1195 1983 1341 2053 tempore

257 2070 367 2136 aviris
383 2072 488 2137 doctis
514 2081 545 2137 et
568 2074 748 2137 studiorum
772 2074 952 2138 amantibus
976 2072 1188 2150 desideratur,
1214 2070 1342 2137 effectui

256 2170 340 2234 tradi
358 2171 473 2251 possit,
492 2171 645 2253 praedicti
662 2173 849 2254 provisores
872 2171 972 2254 parati
988 2181 1063 2236 sunt
1078 2171 1182 2236 eidem
1200 2170 1341 2235 facultati

251 2285 386 2334 ornnem
401 2270 730 2351 superintendendum
746 2280 778 2336 et
801 2271 943 2352 regimen
967 2269 999 2332 in
1022 2269 1218 2334 antedictum
1245 2268 1343 2332 colle·

250 2367 342 2450 glum
357 2368 568 2434 Vaulxianum
583 2370 775 2445 concedere,
794 2377 957 2451 regentem
980 2377 1012 2433 et
1035 2368 1238 2450 prulessores
1255 2367 1286 2430 in
1303 2383 1342 2433 eu

254 2467 465 2541 coristituere
483 2477 515 2535 et
530 2477 646 2534 statuta
664 2485 722 2549 pro
738 2469 823 2533 bono
846 2467 973 2548 collegii
989 2468 1130 2532 condere
1147 2474 1178 2531 et
1195 2465 1340 2547 regimini

250 2565 323 2647 ejus
353 2565 538 2648 advigilare,
563 2583 602 2632 eo
625 2576 729 2632 lamen
754 2567 855 2642 salvo,
879 2564 963 2647 quud
988 2565 1131 2630 fundatio
1155 2564 1339 2641 Vaulxiana,

249 2673 295 2738 et,
314 2663 439 2747 siquae
455 2665 531 2741 sint,
549 2665 641 2742 aliae,
660 2665 809 2746 bonaque
820 2673 851 2730 et
865 2664 1010 2730 redditus
1023 2664 1061 2728 ad
1075 2680 1145 2730 earn
1161 2663 1340 2744 spectantia

252 2763 454 2842 spectabunt,
473 2775 508 2830 ut
530 2765 698 2841 haetenus,
723 2763 762 2827 ad
779 2761 1089 2828 administrationem
1113 2763 1341 2826 modernorum

253 2860 470 2942 provisorum,
497 2863 537 2928 ad
567 2880 659 2930 usum
688 2873 792 2928 tamen
820 2872 851 2929 et
878 2861 1044 2926 utilitatem
1067 2861 1169 2940 ipsius
1192 2860 1339 2942 collegii;

248 2959 369 3042 ,fletque
385 2963 560 3043 quotannis
576 2963 645 3028 sive
667 2979 684 3027 a
708 2970 851 3043 regente,
876 2962 944 3025 sive
960 2960 1023 3024 allo
1040 2970 1207 3041 receptore
1223 2960 1262 3025 ad
1279 2961 1341 3024 boc

251 3057 290 3123 ab
306 3058 353 3124 eis
369 3061 559 3134 constituto,
576 3078 686 3126 eoram
703 3061 816 3126 iisdurn
831 3058 1052 3141 provisoribus
1064 3058 1238 3125 distinctus
1251 3074 1340 3124 eont-

252 3168 366 3237 putus;
383 3158 575 3242 habebitque
599 3177 635 3225 se
657 3161 736 3224 haec
758 3158 902 3224 fundatio
926 3157 1110 3232 Vaulxiana,
1129 3158 1173 3221 uti
1189 3157 1341 3223 distincta

244 3271 268 3318 a
285 3257 419 3340 reliquis
434 3257 529 3323 bunis
546 3266 577 3323 et
599 3260 819 3339 proventibus,
848 3275 928 3338 quos
955 3257 1088 3321 facultas
1111 3257 1142 3318 in
1165 3256 1339 3337 collegium

251 3356 386 3434 inleret;
410 3357 621 3439 judicantque
646 3358 722 3423 dicti
752 3357 937 3438 provisores
966 3355 1127 3435 expedire,
1157 3355 1234 3436 quin
1270 3354 1336 3420 imo

244 3453 477 3536 obligationem
494 3455 641 3532 subesse,
662 3465 694 3520 ut
711 3472 826 3520 nornen
839 3466 870 3518 et
883 3454 1007 3519 titulum
1028 3454 1191 3518 Vaulxiani
1209 3453 1338 3536 collegii

250 3551 395 3617 retineat.
423 3552 461 3616 Et
486 3554 565 3618 haec
587 3554 715 3636 quidem
738 3553 797 3618 sub
822 3570 858 3618 ea
882 3555 951 3634 lege
974 3564 1004 3617 et
1027 3552 1223 3627 conditione,
1252 3549 1338 3633 quod

245 3663 362 3714 omnus
377 3661 408 3714 ct
438 3651 556 3733 singuli
574 3653 713 3728 articuli,
731 3652 785 3733 qui
802 3651 962 3716 aritediuto
979 3652 1100 3732 scripto
1116 3650 1335 3730 continentur,

244 3748 377 3814 realiter
403 3758 434 3814 et
463 3767 535 3815 cum
562 3749 677 3817 elieetu
706 3751 908 3816 deducantur
934 3752 972 3814 ad
1000 3749 1167 3824 effectum3
1195 3757 1227 3813 et
1252 3749 1338 3830 quod

246 3847 403 3913 habeatur
419 3850 501 3914 ratio
519 3867 643 3926 eorum,
660 3851 714 3934 qui
740 3851 835 3914 niodo
858 3850 888 3912 in
907 3851 993 3914 dieto
1009 3849 1145 3930 collegio
1161 3847 1337 3912 Vaulxiano

245 3944 373 4013 litteras
400 3949 608 4014 humaniores
630 3949 759 4026 docent,
785 3957 830 4024 ut,
854 3951 881 4013 si
905 3947 1114 4014 dimittendos
1130 3964 1188 4013 eos
1204 3947 1339 4012 facultas

242 4045 362 4110 artium
376 4045 510 4128 judicet,
529 4047 697 4113 honestam
721 4065 793 4112 eum
818 4049 922 4128 aliqua
947 4047 1132 4127 provisione
1148 4045 1337 4112 missionem

244 4149 402 4228 consequi
420 4147 557 4228 possint.
