3252 4954
684 406 869 469 -ltt-

231 591 393 654 Romanae
429 586 593 652 Ecclesiae
628 586 797 668 presbyter
833 585 1019 664 cardinalis,
1051 587 1321 670 Rotbomagensis

232 695 449 769 nuncupatus.
468 687 498 749 in
525 703 624 767 regno
647 685 800 750 Franciae
821 696 853 751 et
874 687 947 750 aliis
971 686 1143 766 provinciis
1166 695 1197 752 et
1219 688 1321 752 domi-

233 788 296 852 niis
311 787 508 868 apostolicae
525 786 613 850 sedis
634 785 674 850 de
690 785 790 850 latere
812 785 949 864 legatus,
967 785 1136 866 legationis
1159 803 1237 850 suae
1252 787 1321 851 sive

230 888 408 969 apostoliea
431 886 619 951 auctoritate
643 886 783 964 desuper
805 901 974 960 concessa,
993 893 1056 949 tam
1072 884 1157 966 quod
1181 884 1212 946 in
1235 885 1320 949 dicta

231 987 348 1068 domo,
365 1003 459 1068 quam
489 986 521 1048 in
546 984 619 1048 aliis
646 983 842 1048 subalternis
870 984 1031 1056 domibus,
1049 982 1081 1046 in
1108 983 1195 1048 dioto
1221 999 1321 1064 regno

230 1086 385 1150 Franciae
415 1083 612 1156 constitutis,
638 1081 830 1162 degentibus
857 1081 1070 1154 confirmavit,
1097 1081 1264 1146 retinuerit
1290 1090 1321 1146 el

224 1184 439 1266 approbarim
476 1183 698 1260 delectusque,
726 1181 754 1244 si
790 1181 843 1260 qui
874 1183 983 1246 forsan
1018 1180 1249 1244 intervenerint
1284 1180 1318 1242 in

229 1283 358 1356 iisdem,
386 1281 558 1364 supplevit,
589 1280 732 1360 aliasque
761 1289 793 1345 et
822 1281 883 1344 alia
914 1281 989 1345 tecit
1017 1290 1112 1359 atoue
1141 1279 1317 1352 concessit,

231 1393 326 1462 prout
341 1383 373 1444 in
390 1382 491 1446 literis
507 1380 652 1462 ejusdcm
669 1378 807 1459 Georgii,
822 1378 996 1442 cardinalis
1012 1387 1043 1441 et
1060 1378 1166 1458 legati,
1180 1378 1320 1458 desuper

228 1481 398 1555 conlectis,
430 1496 563 1560 quarum
602 1487 757 1552 tenorem,
789 1493 827 1541 ac
856 1477 883 1540 si
915 1477 955 1540 de
984 1476 1082 1541 verbo
1118 1477 1156 1540 ad
1186 1477 1319 1542 verbum

228 1579 372 1644 insertus
398 1587 497 1648 essct,
527 1595 585 1658 pro
612 1575 811 1641 sufficienter
838 1593 995 1655 expresso
1021 1574 1131 1639 baberi
1159 1576 1317 1653 volumus,

228 1679 358 1759 plenius
373 1678 531 1743 asseritur
546 1676 719 1741 contineri.

271 1777 346 1841 dum
362 1785 481 1850 autem,
499 1777 584 1840 sicut
606 1774 718 1839 eadem
736 1773 849 1854 petitio
865 1771 1091 1855 subjungebat,
1109 1790 1146 1837 ex
1163 1790 1214 1848 eo,
1232 1775 1317 1854 quon

228 1876 263 1939 in
279 1875 421 1940 dominio
437 1873 648 1938 illustrissimi
674 1872 831 1954 principis
847 1882 879 1936 et
895 1872 987 1935 nobis
1010 1873 1042 1934 in
1059 1871 1169 1937 Cbisto
1192 1874 1319 1938 sincere

230 1975 351 2049 dilecti,
380 1975 528 2053 Philippi,
557 1972 742 2037 archiducis
771 1971 930 2044 nustriae,
962 1979 1068 2034 certae
1097 1971 1213 2036 domus
1242 1973 1319 2037 sub-

230 2074 372 2138 alternae
394 2071 496 2152 ipsius
512 2073 627 2136 domus
643 2073 712 2136 sive
727 2070 854 2151 collegii
873 2069 990 2134 Montis
1006 2070 1097 2133 Acuti
1115 2070 1316 2144 parisiensis,

227 2181 261 2236 et
287 2181 376 2236 extra
413 2172 532 2235 dictum
570 2186 703 2250 regnum
741 2169 906 2242 Franciae,
940 2168 1089 2232 videlieet
1124 2170 1155 2232 in
1192 2171 1320 2235 civitate

231 2271 390 2350 imperiali
418 2269 654 2342 cameracensi,
688 2285 725 2332 ac
755 2268 884 2348 oppidis
914 2267 1146 2332 valencenensi
1176 2268 1319 2333 Camera-

227 2370 351 2445 censis,
379 2368 612 2443 lleobliniensi,
638 2377 669 2432 et
696 2367 728 2430 in
757 2369 909 2442 bouario,
934 2367 1094 2431 dioecesis
1118 2367 1316 2441 leodiensis,

230 2468 372 2549 ejusdem
398 2468 660 2549 congregationis
683 2467 880 2530 scholarium
907 2482 985 2530 cnm
1005 2465 1164 2530 similibus
1190 2467 1318 2531 ordina-

230 2568 381 2640 tionibus,
410 2567 549 2638 statutis,
577 2566 803 2630 stabilimentis
830 2575 862 2629 et
889 2565 1030 2629 decretis
1056 2567 1260 2641 constitutae,
1288 2575 1319 2631 et

228 2676 357 2730 erectae
380 2667 520 2730 existunt
542 2666 601 2746 (ης
625 2681 662 2728 ac
685 2665 791 2728 dictus
813 2668 953 2728 loannes
978 2672 1044 2727 toto
1067 2664 1176 2728 cordis
1202 2664 1319 2729 affectu

228 2765 337 2845 cupiat
359 2765 453 2829 etiam
477 2764 584 2828 otnnia
608 2774 639 2828 et
655 2765 780 2845 singula
807 2764 996 2844 praemissa,
1014 2763 1118 2842 quoad
1142 2763 1174 2826 in
1197 2763 1320 2828 eisdem

228 2865 380 2929 domibus
407 2863 602 2928 subalternis
628 2865 795 2944 degentes,
815 2879 871 2941 pro
896 2876 1008 2925 eorum
1034 2860 1243 2926 subsistentia
1266 2861 1320 2926 iir-

232 2963 336 3038 miori,
353 2974 386 3028 ut
401 2963 522 3026 illibata
540 2963 724 3042 persistant,
738 2961 923 3027 confirmari
940 2969 970 3024 et
986 2961 1173 3040 approbari;
1191 2961 1320 3043 illisque

266 3143 305 3214 (l)
327 3167 340 3190 ι
356 3143 512 3212 Collegium
526 3142 726 3197 Mechliniense
746 3159 907 3197 conversum
920 3141 979 3195 'luit
1001 3141 1031 3194 in
1047 3141 1225 3196 seminarium
1247 3144 1322 3198 theo·

227 3235 349 3303 logicum
361 3251 435 3288 anno
454 3233 534 3289 1596.
549 3233 675 3288 Tertium
695 3234 846 3304 collegium
866 3234 1002 3288 aloanne
1023 3232 1182 3286 Slandonck
1201 3241 1322 3288 erectum

230 3324 283 3379 fuit
303 3324 478 3388 valencenis,
500 3325 573 3396 quod
592 3328 619 3377 et
638 3323 818 3378 seminarium
838 3329 974 3378 bonorum
990 3341 1144 3390 puerorum
1162 3324 1321 3392 dicebatur,

231 3415 324 3488 ibique
339 3415 435 3470 literae
447 3414 626 3469 humaniores
640 3415 828 3480 docebantur3
844 3414 896 3468 hoc
910 3415 984 3468 circa
998 3431 1100 3467 annnm
1118 3414 1187 3468 1660
1201 3415 1324 3486 patribus

232 3506 377 3561 Societatis
389 3507 455 3560 Jesu
468 3504 601 3560 traditum
615 3503 677 3560 tuit.
694 3505 829 3568 Quartum
852 3505 1011 3559 inchoatum
1025 3503 1078 3558 tuit
1097 3505 1247 3566 Cameraci,
1263 3511 1291 3562 et
1306 3524 1324 3560 a

230 3597 333 3652 Jacobo
351 3597 385 3650 de
399 3597 478 3668 Croy,
499 3596 688 3650 Cameracensi
709 3596 848 3667 episcopo,
865 3597 1004 3662 dolalnm3
1019 3595 1067 3666 qui
1088 3595 1206 3666 primum
1228 3597 1323 3650 huma·

234 3687 343 3742 niorum
360 3685 505 3741 literarum
526 3688 707 3757 professorem
728 3687 794 3740 lecit
814 3685 1003 3740 Christianum
1025 3685 1190 3750 Massaeum,
1206 3687 1323 3742 chrono-

226 3778 367 3848 graphum
387 3777 592 3843 doctissimum
614 3783 641 3831 et
656 3793 750 3830 curam
765 3775 879 3830 tradidit
898 3774 1007 3830 clericis
1027 3774 1057 3828 in
1073 3777 1212 3830 communi
1231 3777 1323 3831 viven-

232 3868 317 3931 tibus,
341 3868 424 3937 vulgo
447 3867 528 3922 dictis
553 3866 784 3938 Hieronymiaois.
811 3866 890 3920 Circa
914 3881 1018 3918 annum
1045 3863 1114 3919 1562
1137 3866 1219 3920 desiit
1241 3866 1324 3921 hocce

228 3958 419 4022 seminarium,
448 3961 564 4030 ejusque
591 3959 663 4012 bona
689 3973 796 4012 annexa
823 3958 934 4010 fuerunt
959 3954 1108 4010 seminario
1134 3957 1324 4028 episcoporum

233 4049 319 4104 Duaci
341 4049 469 4116 fundat03
492 4049 570 4103 loeus
592 4065 657 4102 vero
681 4047 762 4102 cessit
788 4046 954 4102 monialibus
976 4046 1103 4100 abbatiae
1127 4047 1324 4103 Cremiacensis

234 4139 384 4194 Cameraci.
401 4165 414 4187 n
437 4140 477 4196 lta
496 4139 621 4210 Foppens
640 4137 669 4192 in
690 4139 794 4194 Maneat
815 4138 1004 4200 arborosus,
1023 4137 1146 4203 Operum
1164 4143 1323 4206 diptmnoti-

231 4246 332 4284 corum
346 4237 420 4286 tomo
435 4231 483 4296 lll,
499 4247 527 4302 p.
543 4229 678 4287 ale-220.
