3158 4952
768 429 951 493 -330-

315 617 438 682 scholis
454 617 648 680 artistarum.
664 615 819 679 Dominus
835 631 952 694 regens
964 611 1172 678 Falconensis
1188 607 1334 674 exhibuit
1345 607 1405 670 do-

317 717 411 782 minis
435 734 529 780 unam
551 716 831 797 supplicationem,
855 722 886 782 et
908 730 964 794 per
987 729 1037 778 mc
1063 710 1245 790 [budellum]
1271 707 1303 770 in
1331 722 1404 786 pre-

317 817 420 880 sentia
436 816 639 880 dominorum
657 815 738 879 lecta
754 813 847 894 (sic);
864 822 895 878 et
910 812 1056 891 sequitur
1074 829 1080 874 :

360 914 553 979 llcnorande
576 915 705 978 domine
721 915 844 978 decane
866 911 1029 992 ceterique
1047 910 1181 975 domini.
1198 907 1275 971 Orat
1299 904 1406 970 bomi-

317 1017 463 1078 nationes
486 1015 617 1078 Vestras
644 1013 794 1076 dominos
820 1029 936 1092 regens
963 1009 1131 1092 pedagogii
1158 1005 1323 1078 Falconis.
1353 1015 1404 1079 nt,

316 1113 520 1178 considerata
543 1113 730 1193 diligentius
753 1111 956 1183 necessitate,
974 1127 1069 1186 onam
1095 1106 1253 1172 facultatis
1277 1103 1405 1168 nomiae

317 1211 467 1284 sustinet.
486 1211 623 1292 benigne
645 1226 720 1290 erga
743 1209 848 1289 ipsum
872 1208 1050 1274 exhibeatis
1073 1206 1235 1271 affectum.
1252 1202 1406 1268 Noverint

318 1309 682 1374 Dominationesllestre
696 1325 811 1372 nonam
823 1308 954 1372 domum
968 1308 998 1370 in
1013 1323 1106 1372 nsum
1120 1302 1287 1386 pedagogii
1300 1317 1407 1367 emen-

317 1407 390 1472 dam
407 1407 507 1472 foisse
529 1415 561 1471 et
575 1408 607 1470 in
623 1424 659 1470 ea
676 1423 788 1487 magna
814 1407 914 1470 fuisse
930 1422 1013 1484 opus
1029 1405 1250 1485 reparatione;
1276 1401 1404 1472 deinde,

318 1507 390 1587 quia
413 1507 505 1571 loeus
528 1505 778 1584 sufficiensnon
796 1515 864 1570 erat
885 1514 917 1570 et
939 1505 1028 1569 multi
1052 1503 1193 1584 magistri
1216 1501 1295 1565 foris
1317 1507 1405 1564 extra

319 1605 530 1686 pedagogium
559 1605 702 1668 habitare
723 1605 827 1668 adbuc
848 1603 911 1682 jam
935 1612 1106 1684 coguntur,
1130 1617 1284 1666 numerus
1310 1599 1405 1663 etiarn

314 1704 469 1784 Juvenum
493 1721 669 1786 augescere
684 1705 788 1768 indies
812 1703 1012 1768 laudabiliter
1027 1703 1181 1776 cernitur,
1200 1701 1241 1764 ita
1260 1711 1293 1764 ut
1315 1700 1406 1764 locus

319 1803 470 1882 antiquus
492 1819 608 1883 capere
630 1819 743 1866 omnes
768 1804 936 1867 commode
960 1820 1023 1866 non
1048 1801 1166 1880 possit;
1197 1809 1327 1879 propter
1349 1799 1407 1862 bas

319 1918 446 1974 causas,
470 1919 532 1982 que
557 1901 717 1980 pertinere
741 1919 803 1966 nort
828 1919 939 1982 parum
961 1900 1169 1965 videaturad
1193 1899 1350 1962 honorem
1376 1907 1407 1962 et

319 1999 522 2064 commodum
546 2000 649 2079 ipsius
673 2000 845 2074 facultatis,
864 2000 969 2064 dictus
993 2000 1144 2064 dominus
1167 2013 1283 2078 regens
1307 1995 1406 2060 voluit

321 2117 438 2164 novum
458 2100 610 2164 inchoare
625 2100 799 2173 edificium,
817 2100 901 2180 quod
918 2109 950 2164 et
969 2100 1054 2174 feeit,
1074 2109 1106 2163 ut
1121 2098 1270 2162 omatibus
1296 2105 1405 2160 notum

318 2216 394 2264 esse
411 2209 526 2279 potest.
542 2199 706 2278 Supplicat
720 2199 816 2281 igitur
828 2200 990 2264 humiliter
1005 2199 1110 2263 dictus
1122 2197 1274 2262 dominus
1289 2214 1406 2278 regens

321 2296 597 2362 nominationibus
610 2297 731 2363 Vestris
747 2298 785 2361 ad
802 2315 874 2362 eum
890 2297 997 2371 finem,
1016 2307 1050 2361 ut
1066 2315 1148 2378 opus
1164 2297 1327 2376 inceptum
1342 2296 1405 2361 cito

320 2395 537 2459 consummari
564 2395 679 2468 valeat,
709 2412 794 2462 nunc
821 2397 989 2476 presertim
1015 2396 1202 2461 imminente
1228 2395 1345 2470 bieme,
1374 2404 1405 2459 ut

320 2493 455 2558 facultas
481 2494 512 2558 ei
533 2494 706 2560 subvenire
731 2494 881 2575 dignetur
902 2495 934 2558 in
962 2505 1071 2559 mutuo
1097 2494 1405 2576 quadringentorum

320 2591 516 2656 florenorum
534 2592 732 2664 renensium,
749 2593 960 2659 considerans
982 2603 1013 2658 et
1029 2593 1232 2674 perpendens
1254 2594 1406 2674 gravissi·

321 2709 392 2756 mos
408 2700 567 2772 sumptus,
585 2709 667 2773 nuos
683 2692 767 2758 idem
791 2693 942 2758 dominus
957 2711 1074 2775 regens
1097 2692 1279 2773 ingratiam
1304 2693 1405 2773 ipsius

319 2791 482 2856 facultatis
498 2793 654 2856 hactenus
670 2793 823 2856 sustinuit
844 2803 876 2856 et
890 2794 996 2858 adbuc
1011 2793 1148 2858 sustinet
1170 2793 1202 2856 iu
1220 2803 1306 2857 tanta
1324 2793 1405 2857 diffi-

320 2889 439 2954 cultate
455 2889 611 2970 temporis
633 2897 663 2954 et
680 2907 803 2954 summa
820 2893 962 2956 omnium
985 2909 1092 2958 rerum
1108 2892 1254 2957 caritate.
1273 2893 1405 2958 Pollice·

321 2987 408 3051 bitur
431 2988 515 3052 idem
531 2987 681 3054 dominus
704 3005 821 3070 regens
840 2991 900 3054 sub
916 2991 1111 3072 obligatione
1133 3007 1189 3055 seu
1207 2991 1357 3055 cautione
1372 3007 1405 3055 se

321 3087 556 3160 restituturum,
574 3087 728 3168 quidquid
743 3089 804 3152 erit
820 3090 931 3164 mutui,
949 3091 981 3152 in
997 3099 1135 3171 quatuor
1153 3091 1312 3162 terminis,
1329 3107 1405 3172 quo-

320 3184 398 3248 libet
412 3201 497 3250 anno
513 3186 712 3251 restituendo
727 3197 855 3252 centum
873 3189 1004 3253 flarolos
1021 3189 1174 3253 facultati.
1188 3189 1226 3254 Et
1240 3190 1281 3256 de
1298 3201 1404 3255 mutuo

321 3284 410 3364 prius
436 3285 511 3348 dato
538 3296 669 3365 paratus
695 3295 745 3350 est
771 3287 958 3352 satisfacere
988 3290 1167 3354 contractui
1193 3300 1225 3354 et
1250 3290 1403 3354 voluntati

321 3383 424 3464 ipsius
440 3383 611 3448 facultatis.

361 3484 520 3555 Quantum
542 3483 581 3545 ad
598 3484 680 3548 hanc
695 3483 962 3566 supplicationem
986 3484 1107 3550 domini
1125 3487 1266 3568 regentis
1287 3488 1319 3552 in
1334 3489 1402 3553 Fal-

320 3597 403 3645 cone
418 3581 539 3644 domini
561 3582 793 3648 commiserunt
809 3582 949 3646 dominis
971 3583 1092 3648 decano
1109 3593 1141 3648 et
1155 3587 1316 3666 deputatis
1334 3603 1402 3652 cnm

320 3679 526 3743 assumendis
542 3696 599 3757 per
610 3679 773 3746 dominum
791 3680 958 3754 decanum,
973 3682 1027 3763 qui
1043 3683 1214 3764 aliquando
1231 3685 1358 3751 fuerunt
1371 3686 1401 3748 in

322 3776 451 3858 negotio
467 3776 616 3841 Falconis
640 3777 807 3860 pedagogii
825 3780 980 3859 assumpti
1005 3783 1210 3861 apocopen,
1228 3797 1300 3848 cum
1324 3785 1400 3850 rela-

321 3874 410 3938 tione
425 3875 464 3938 ad
483 3875 675 3941 facultatem.
692 3900 705 3938 n
722 3879 812 3950 dora,
831 3877 897 3952 vll,
916 3878 971 3943 fol.
989 3879 1045 3942 all
1065 3891 1094 3944 r⁰
1109 3890 1141 3946 et
1156 3889 1198 3944 vt.

366 4025 420 4087 llic
433 4028 564 4097 veneris,
579 4027 613 4106 iij
633 4029 748 4092 mensis
768 4029 897 4092 octobris
914 4029 1004 4103 tell,
1023 4029 1101 4096 bora
1117 4033 1209 4096 tertia
1225 4049 1242 4096 a
1260 4034 1400 4114 prandio,

321 4123 487 4188 convocati
502 4141 558 4204 per
571 4141 621 4190 nre
633 4137 884 4206 comparuerunt
896 4127 928 4190 in
941 4128 1038 4193 rubea
1051 4145 1177 4194 camera
1191 4132 1339 4197 dominns
1351 4133 1397 4197 de·
