3236 4952
753 393 869 456 -200
894 430 932 440 —

293 577 355 641 tiae
369 577 576 658 supremique
590 575 764 658 magisterii
778 575 928 654 (lititulis
941 576 1114 656 insignitus
1129 586 1193 654 est;
1208 593 1245 642 ac
1261 595 1324 642 non
1338 579 1384 644 ita

294 677 393 740 multo
411 686 483 755 post
504 675 542 738 ad
559 675 731 756 collegium
748 675 892 739 strictius
915 675 1075 740 facultatis
1096 684 1245 758 tanquam
1268 678 1383 759 legens

294 785 325 840 et
347 791 462 856 regens
488 783 685 854 assumptus,
710 774 883 838 honorario
907 791 1036 855 quoque
1062 775 1222 855 stipendio
1249 791 1266 840 a
1289 793 1381 842 sere·

291 873 426 936 nissimo
444 873 586 952 principe
601 873 733 937 Alherto
749 873 931 937 conductus
954 871 1013 936 luit
1028 885 1118 938 extra
1133 875 1291 950 ordinem,
1310 887 1344 940 ut
1359 893 1379 941 e

290 972 449 1052 superiori
477 973 546 1036 loco
575 972 605 1035 in
634 970 758 1052 publica
783 971 1008 1051 theologorum
1035 973 1147 1038 schola
1171 974 1319 1047 docerem
1346 975 1379 1038 id

289 1072 484 1152 quodannis
501 1076 575 1148 (non
599 1071 763 1144 tredecim,
783 1081 816 1134 ut
832 1070 978 1134 Valerius
994 1072 1152 1149 Andreas,
1171 1073 1237 1150 sed)
1254 1086 1379 1154 septem

290 1172 409 1251 ingenti
439 1171 551 1250 plausu
587 1187 813 1250 concursuque
851 1171 1020 1248 praestitit,
1053 1171 1242 1236 subtiliores
1280 1173 1380 1236 totius

289 1271 504 1335 scholasticae
520 1271 699 1350 theologiae
716 1281 823 1348 partes
838 1269 1069 1349 interpretatus
1086 1281 1181 1350 atque
1196 1272 1280 1336 inter
1294 1271 1379 1337 allos

288 1369 483 1449 discipulum
507 1379 618 1432 nactus
644 1369 798 1433 loannem
825 1367 969 1441 Poinsot‚
1000 1368 1054 1448 qui
1084 1368 1201 1434 deinde
1226 1388 1245 1432 a
1269 1379 1380 1434 saneto

290 1467 407 1532 Thema
444 1477 645 1548 nuncupatus
683 1477 741 1540 est,
774 1464 1046 1545 Olisiponensem
1076 1467 1190 1547 ingens
1227 1469 1375 1550 eiusdem

287 1567 479 1631 dominicani
496 1567 621 1630 ordinis
642 1567 754 1630 decus.

328 1670 420 1730 Anno
446 1665 520 1728 l6ll
545 1665 683 1728 Thomas
706 1663 879 1728 deferres
903 1663 1047 1728 interluit
1068 1664 1207 1730 comitiis
1231 1665 1377 1732 Lutetiae

287 1765 403 1829 habitis
426 1782 482 1828 ceu
501 1763 648 1844 Belgicae
671 1763 854 1842 provinciae
877 1762 1038 1837 delinitor,
1057 1779 1249 1844 quamquam
1273 1775 1378 1830 extra-

287 1881 378 1940 neus,
396 1865 435 1927 ad
459 1864 489 1926 id
507 1863 649 1927 muneris
672 1863 855 1941 deputatus.
873 1862 1024 1926 Triennio
1043 1871 1117 1943 post
1140 1866 1172 1926 in
1190 1863 1377 1944 Hispaniam

287 1979 449 2037 reversus
466 1962 552 2041 prior
563 1962 750 2026 zamorensi
764 1961 950 2037 conventui,
966 1971 1031 2026 tum
1048 1964 1156 2028 nativo
1170 1981 1228 2028 suo
1241 1974 1375 2031 sanctae

288 2061 404 2126 llariae
420 2063 459 2124 de
474 2062 595 2124 Atocha
619 2061 816 2140 praeficitur.
836 2060 961 2124 Interea
984 2077 1062 2125 vcro
1081 2063 1245 2143 Philippus
1261 2063 1302 2124 lll
1318 2079 1375 2126 rer

286 2177 358 2228 cum
375 2177 459 2224 anno
482 2159 574 2235 1619,
591 2160 644 2224 die
666 2159 705 2221 10
721 2160 858 2240 augusti,
877 2160 1067 2240 episcopum
1091 2162 1257 2227 constituit
1272 2163 1378 2226 trocle-

286 2259 354 2322 siae
379 2259 616 2340 Assumptiouis
643 2257 675 2320 in
701 2257 902 2338 Paraquarla,
927 2260 1081 2323 australis
1104 2260 1270 2324 Americae
1298 2276 1374 2340 pro·

288 2359 405 2422 vincia.
424 2359 501 2424 Rem
526 2359 638 2438 prohat
661 2358 693 2420 in
712 2373 806 2421 sacro
829 2358 1026 2422 consistorio
1043 2359 1160 2422 Paulus
1177 2359 1212 2433 V,
1230 2359 1375 2440 pontifex

290 2457 457 2533 maximus,
476 2458 527 2520 die
550 2456 589 2520 30
606 2457 709 2520 martii
735 2457 809 2519 anni
833 2457 1011 2536 sequentis.
1029 2457 1241 2538 lnauguratus
1264 2459 1372 2539 itaque

287 2557 318 2619 iu
336 2556 487 2637 Hispania
502 2557 652 2632 Thomas,
667 2557 705 2619 ad
723 2557 892 2619 ecclesiam
909 2572 1061 2636 sponsam
1088 2567 1256 2636 properat;
1275 2573 1371 2637 quam

286 2657 361 2720 dum
398 2657 618 2738 quinquennio
650 2655 788 2736 amplius
824 2655 954 2734 optimis
990 2656 1163 2720 formasset
1200 2657 1372 2731 institutis,

288 2764 414 2834 petente
438 2754 584 2834 Philippo
600 2754 650 2829 ll',
668 2753 721 2818 die
742 2753 778 2815 11
799 2753 909 2832 aprilis
933 2753 1013 2816 lllhli
1035 2755 1075 2817 ad
1098 2755 1316 2819 Tucumauam
1338 2753 1374 2818 iu

286 2854 401 2918 iisdem
431 2853 530 2918 lndiis
560 2853 815 2918 occidentalibus
845 2852 1009 2917 dioecesin
1043 2855 1247 2918 transfertur.
1279 2853 1373 2917 Rexit

288 2955 369 3017 harre
391 2954 483 3017 antris
506 2963 660 3034 uuatuor;
679 2968 763 3025 nam,
781 2953 857 3016 dum
880 2967 964 3016 anno
988 2951 1068 3016 1630
1090 2954 1130 3016 ad
1145 2952 1374 3016 celebrandam

288 3052 320 3114 in
336 3053 464 3116 limana
481 3051 558 3116 urhe
575 3051 729 3116 Perusiae
745 3050 894 3132 primaria
910 3052 1068 3132 synodum
1083 3061 1247 3133 properat,
1261 3049 1373 3115 lethali

287 3151 432 3232 synocho
460 3152 490 3214 in
521 3151 636 3216 itinere
661 3159 843 3230 correptus,
871 3149 981 3214 vivere
1010 3149 1129 3214 desinit
1155 3151 1187 3212 in
1216 3149 1376 3229 oppidulo

286 3250 505 3334 Ghuquisaca;
525 3251 670 3332 sepultus
687 3249 805 3313 ibidem
822 3250 905 3328 apud
922 3248 1061 3314 instituti
1085 3249 1136 3315 sui
1159 3249 1298 3314 sodales.
1315 3247 1374 3312 Vir

284 3354 327 3416 oh
352 3351 435 3416 vitae
451 3350 678 3430 integritatem,
695 3347 884 3414 modestiam
900 3364 938 3412 ac
960 3347 1187 3425 eruditionem,
1204 3347 1367 3422 omnihus,

286 3451 434 3525 summis,
457 3449 530 3512 imis
553 3465 592 3512 ex
614 3463 716 3528 aequo
738 3463 844 3520 carus,
869 3457 901 3511 et
922 3447 965 3512 de
985 3447 1157 3512 Academia
1179 3445 1373 3511 Lovaniensi

285 3552 406 3632 optime
436 3549 581 3624 meritus,
611 3563 705 3628 quam
735 3547 767 3608 in
801 3545 911 3610 arduis
941 3555 972 3610 et
1000 3545 1203 3627 gravioribus
1231 3544 1374 3626 negotiis

285 3651 400 3716 sedulo
417 3665 476 3713 nec
491 3648 560 3712 vice
575 3645 713 3726 simplici
726 3645 819 3726 juvit.

325 3747 489 3830 Reliquit:

325 3867 354 3930 1.
380 3863 606 3928 Commentario
621 3861 771 3941 depretia
790 3867 818 3923 ct
829 3860 1060 3932 imernalium
1077 3874 1156 3924 mss.
1173 3856 1257 3938 apud
1274 3855 1374 3924 Prae·

274 3966 442 4032 dicatores
457 3961 601 4026 Gandavi
616 3968 649 4025 et
663 3958 773 4024 lluaci.

318 4149 355 4219 (l)
375 4147 397 4199 ll
411 4146 453 4199 fut
466 4159 563 4215 promo
580 4159 616 4196 au
635 4141 759 4196 doctores
777 4155 811 4194 sn
830 4139 970 4211 theologie
989 4157 1023 4196 en
1041 4139 1124 4206 1607,
1146 4117 1211 4213 rjast
1224 4145 1241 4191 a
1254 4136 1314 4193 dire
1326 4150 1370 4194 tut

282 4260 319 4297 an
333 4239 447 4296 environ
459 4241 540 4308 apres
553 4251 604 4290 son
617 4232 723 4290 arrives
735 4241 753 4287 a
765 4232 898 4288 Louvain.
