3222 4950
715 407 900 469 —455-

302 587 360 652 llic
376 587 563 652 tlectniniae
580 597 740 676 natusest
765 605 803 652 ex
820 587 1018 653 tenuissimis
1045 589 1244 670 parentibus,
1263 600 1353 670 pater

259 687 344 750 enim
362 697 453 750 sotor
465 686 648 750 calceorum
662 696 748 760 erat;
767 687 986 760 nihilominus,
1003 688 1355 767 perdurosministerii

258 785 387 848 ‘labores
405 785 434 846 in
452 785 567 848 studiis
587 784 770 862 proficiens,
787 795 915 848 creatur
931 802 1043 851 sacrae
1069 786 1250 868 theologiae
1277 805 1352 869 pro-

261 885 378 956 fessor,
407 883 527 964 luitque
553 883 737 946 indelessus
760 883 848 946 verbi
881 883 934 947 llei
966 883 1173 950 ecclesiastes
1200 903 1353 952 serurone

260 982 377 1062 gallico
394 992 424 1046 et
443 981 620 1047 teutonico.

303 1081 329 1142 A
364 1081 555 1148 parisiensis
591 1079 749 1144 ecclesiae
780 1081 946 1145 canonicis
976 1081 1093 1145 llontis
1122 1083 1213 1146 Acuti
1245 1097 1353 1149 rector

261 1180 437 1252 institutus,
455 1182 584 1244 domum
608 1179 696 1260 juxta
723 1179 799 1243 illud
828 1177 1028 1260 gymnasium
1056 1197 1140 1245 anno
1166 1181 1240 1244 tlat
1271 1199 1350 1247 con-

259 1278 405 1350 duxerat,
435 1279 466 1340 in
496 1294 558 1358 qua
586 1287 720 1359 egentes
751 1278 964 1342 scholasticos
991 1279 1028 1342 ad
1060 1297 1096 1343 sc
1127 1282 1351 1362 undecumque

260 1378 427 1442 venientes
442 1377 598 1457 suscepit,
617 1395 699 1458 quos
717 1377 795 1440 liora
815 1379 982 1441 undecima
1005 1378 1042 1441 ad
1059 1379 1254 1442 carthusiam
1280 1379 1352 1444 mit-

259 1478 357 1550 tonat,
376 1478 428 1543 ubi
443 1478 492 1542 eis
515 1481 606 1558 panis
629 1483 703 1542 cum
731 1479 868 1558 pauculo
881 1479 966 1559 jnre,
985 1489 1018 1544 ut
1035 1481 1152 1567 ceteris
1179 1481 1349 1557 mendicis,

260 1594 467 1675 erogabatur.

301 1694 461 1769 Ceterum,
493 1710 590 1773 quum
622 1709 738 1757 nomen
769 1693 840 1774 ejus
871 1711 928 1775 pen
958 1695 1114 1775 gymnasii
1147 1697 1289 1774 regimen
1318 1707 1350 1762 et

260 1809 370 1857 sacras
399 1792 576 1856 correiones
613 1801 645 1856 et
672 1800 793 1856 arctam
825 1793 920 1855 vitam
961 1793 1094 1857 multum
1125 1794 1274 1868 clareret,
1306 1795 1348 1877 pii

260 1891 407 1956 homines
438 1891 633 1971 pauperibus
663 1890 734 1971 ejus
763 1891 923 1954 celebrem
962 1891 1092 1955 domurn
1126 1892 1347 1968 aediticarunt,

260 1989 354 2070 eujus
370 1990 543 2069 primarius
561 1990 689 2054 dolator
715 1989 774 2053 luit
796 2007 978 2070 generosus
1000 1990 1151 2056 dominus
1169 1991 1349 2058 Ludoricus

261 2088 301 2152 de
314 2089 462 2164 Gracilis,
483 2089 568 2168 regis
586 2087 740 2153 Franciae
756 2089 1004 2153 arcirimarious.

302 2187 364 2250 Sed
380 2186 561 2251 ludovicus
575 2186 645 2259 ltll,
660 2189 712 2267 qui
730 2185 845 2250 Carolo
859 2187 927 2249 Vlll
942 2205 995 2250 rex
1010 2187 1180 2262 successit,
1194 2189 1349 2268 optimum

260 2284 363 2349 virum
382 2285 586 2364 proscripsit.
600 2285 698 2365 Cujus
712 2302 809 2350 causa
827 2285 927 2349 luisse
941 2297 1080 2366 putatur,
1094 2289 1178 2367 quod
1195 2288 1349 2362 loartnae,

261 2384 447 2463 repudiatae
464 2384 565 2458 uxori,
586 2385 782 2464 persuaserit
797 2385 887 2448 alteri
906 2385 1036 2449 rninirne
1053 2386 1184 2450 nubere.

304 2483 521 2563 Proscriptum
548 2484 673 2548 exulem
700 2482 863 2548 Canteraci
892 2483 1049 2548 Henricus
1075 2500 1093 2546 a
1117 2485 1240 2565 Belgis,
1265 2485 1349 2565 epis·

260 2599 375 2661 copus,
404 2582 542 2661 excepit,
575 2599 632 2660 per
658 2581 750 2662 eujus
773 2582 1007 2662 amplissimum
1034 2584 1255 2662 episcopatum
1286 2585 1350 2649 l'er·

262 2691 374 2745 venter
388 2691 438 2746 est
453 2681 676 2753 concionatus,
697 2681 857 2760 multaque
875 2683 1069 2746 monasteria
1087 2683 1282 2745 relinanarit.

303 2780 410 2843 Erexit
424 2790 529 2843 autern
556 2780 587 2841 in
605 2780 666 2843 lroc
692 2796 752 2844 suo
768 2781 864 2844 exilio
890 2780 1005 2845 domos
1023 2798 1197 2862 pauperum
1224 2782 1351 2847 sclrola·

262 2880 344 2942 rium
367 2879 540 2954 Cameraci,
571 2879 772 2953 valencenis,
798 2879 985 2944 llechliniae
1005 2881 1055 2958 tl),
1081 2880 1221 2946 lovanii.
1240 2881 1350 2962 Neque

261 2977 357 3042 desiit
372 2979 443 3042 exul
460 2979 621 3058 caputium
638 2979 817 3042 camaldurn
836 2996 924 3044 nrore
942 2981 1138 3061 reliquorum
1159 2997 1348 3061 pauperum,

261 3094 343 3157 quos
361 3079 490 3141 Parisiis
506 3078 689 3157 reliquerat,
708 3089 846 3154 gestare.

302 3177 407 3241 Rediit
437 3186 543 3241 aulem
570 3177 607 3240 ad
633 3175 770 3240 llontem
799 3178 936 3241 Acutum
961 3193 1047 3241 atino
1070 3177 1161 3252 1500,
1187 3177 1225 3240 ad
1254 3177 1353 3241 inter·

259 3276 441 3340 cessionem
465 3275 585 3339 domini
612 3274 822 3338 Gravillensis
847 3276 1085 3356 multorumque
1102 3277 1238 3340 alituum
1262 3292 1353 3341 reve-

259 3383 362 3438 cutus.
390 3373 557 3454 Quumque
589 3373 701 3454 paucis
738 3389 895 3437 arrnorum
938 3375 1113 3439 intervallis
1147 3392 1185 3438 ex
1214 3373 1351 3455 collegio

260 3472 433 3537 Parisiensi
461 3475 570 3552 plures
596 3489 690 3554 qnam
715 3473 849 3537 trecenti
877 3472 916 3535 ad
944 3474 1137 3538 reformatas
1162 3474 1351 3554 religiones,

297 3684 335 3760 (l)
355 3682 513 3742 Standonclx
526 3687 675 3758 s’occupeit
691 3687 859 3743 activement
878 3689 912 3742 do
926 3687 1134 3758 l'orgnnisalion
1148 3688 1182 3742 de
1197 3689 1225 3742 le
1245 3687 1349 3744 maison

257 3777 293 3831 de
307 3777 424 3832 ilalines
442 3795 477 3832 en
500 3777 579 3834 1500.
597 3777 674 3832 Volci
695 3777 768 3830 deux
788 3777 904 3832 extrails
923 3778 971 3831 des
990 3785 1113 3848 comptos
1132 3778 1167 3831 do
1187 3780 1214 3830 ln
1234 3777 1299 3831 valle
1317 3777 1351 3832 de

258 3867 377 3923 Melinos
401 3868 505 3922 relatils
524 3874 597 3923 dcet
616 3869 691 3938 objet
706 3887 712 3922 :
729 3867 753 3938 a}
766 3869 802 3924 30
817 3869 870 3922 mai
895 3868 987 3923 1500:
1007 3869 1077 3922 Item
1098 3874 1119 3934 ᾖ
1141 3878 1251 3935 stoopen
1272 3886 1352 3938 wym

255 3969 451 4025 gepre'setrteert
472 3968 587 4012 meester
609 3960 667 4013 Jan
685 3959 746 4012 Van
760 3959 932 4022 &andanem
959 3959 983 4028 bl
996 3959 1094 4029 juillet
1118 3959 1210 4014 1500:
1235 3959 1305 4014 Item
1324 3965 1351 4024 vj

256 4049 345 4115 pelen
364 4067 443 4115 wpns
460 4059 657 4116 pepresenteert
676 4056 730 4104 den
746 4057 896 4116 proclinata
910 4068 964 4104 cun
982 4067 1063 4104 onam·
1087 4052 1222 4105 Vrouwen
1241 4067 1305 4105 noer
1317 4057 1350 4104 de

259 4145 417 4206 dunctanten
431 4140 508 4214 (bons
521 4143 641 4212 ediante)
654 4159 708 4194 uon
722 4151 836 4196 maculer·
854 4141 913 4195 Vara
927 4142 1092 4200 Standonclt.
