3284 4956
680 421 869 502 aulid--

224 617 261 682 ad
288 610 386 682 vitam
409 616 477 684 lilio
503 633 564 683 suo
591 617 781 694 Godelrid03
806 619 939 683 alteram
969 635 1069 702 prope
1091 614 1270 698 Bruxellas‚
1288 608 1317 688 ei

223 717 336 782 relicto
353 717 450 781 simili
468 734 527 782 usu
543 741 551 793 ;
569 719 694 783 tertiam
715 719 748 782 iu
771 719 808 782 de
827 718 1025 794 meldulae,
1046 737 1104 784 usu
1123 719 1235 786 relieto
1252 720 1318 786 filio

223 816 314 880 alteri
333 815 491 892 ilenrieo;
509 816 651 898 quinque
666 818 745 882 alias
768 819 851 883 intra
876 819 1048 884 lovanium
1073 819 1163 895 sitas,
1181 837 1314 901 quarum

225 931 316 979 usum
334 915 373 979 ad
388 917 482 980 vilain
496 916 646 998 relinquit
659 916 725 981 lilio
741 917 879 982 doberto
894 918 956 995 (liin
968 917 1102 983 duxerat
1114 918 1314 982 catharinam

223 1015 287 1078 Van
303 1015 520 1087 vlaenderen.
537 1015 718 1080 defunctam
737 1015 774 1078 13
797 1018 940 1082 octobris
964 1017 1056 1096 loll,
1077 1029 1206 1099 nuptam
1221 1027 1314 1084 autea

223 1113 337 1178 Golino
352 1113 420 1177 Van
436 1115 560 1179 Sestion
572 1139 580 1191 3
594 1115 737 1196 obiitque
754 1115 792 1178 l8
805 1115 885 1196 junii
903 1117 1005 1194 tells
1025 1117 1153 1194 lantiam,
1167 1119 1316 1184 similiter

222 1213 353 1278 lovanii
366 1213 399 1277 in
413 1213 483 1279 vien
496 1213 1183 1300 Vlnminnorum(Vleminelmlrnte)situatam,
1201 1217 1315 1283 relicto

223 1329 281 1376 usu
298 1312 398 1378 Leoni
416 1310 533 1377 Outers
548 1313 588 1378 de
604 1313 813 1389 llondiseota‚
833 1314 860 1378 si
886 1316 939 1380 llio
954 1333 1072 1397 regens
1089 1331 1152 1381 non
1169 1315 1265 1382 luerit
1281 1317 1314 1380 in

221 1410 322 1488 Lilio;
351 1413 380 1474 si
408 1411 504 1477 luerit
531 1415 576 1490 (ut
600 1428 710 1477 revera
737 1413 894 1493 contigit),
913 1415 992 1478 haee
1008 1415 1123 1479 domus
1145 1443 1157 1472 l
1174 1424 1311 1492 maneat,

224 1509 372 1592 linquit,
389 1512 428 1576 ad
447 1528 539 1577 usum
557 1523 722 1592 regentum
739 1511 771 1574 in
796 1511 886 1588 lilio,
905 1513 933 1578 si
950 1530 1018 1578 eam
1036 1523 1145 1581 tenere
1167 1515 1268 1580 velint
1283 1525 1314 1580 et

221 1633 239 1669 u
254 1612 384 1677 solvere
399 1629 507 1677 annue
521 1628 659 1676 coronas
675 1612 786 1676 decem
801 1638 830 1676 l.
845 1611 955 1677 Eidem
969 1613 1079 1689 Leoni,
1094 1631 1188 1695 quem
1201 1630 1314 1679 senee-

222 1710 299 1775 tutis
325 1728 405 1776 suae
431 1710 579 1775 baculum
606 1709 772 1784 habuerat,
798 1712 915 1792 elego,
943 1712 998 1789 ait,
1028 1713 1164 1777 mediam
1192 1722 1312 1793 nartem

225 1831 239 1868 ll
257 1809 446 1891 paedagogii
464 1809 525 1874 mei
542 1809 718 1874 formaliter
733 1811 830 1890 nanti,
855 1811 960 1892 quoad
984 1811 1157 1893 regentiem
1175 1811 1310 1886 seilicet,

221 1933 235 1961 ι
255 1909 296 1972 ita
313 1910 400 1990 quod
418 1908 569 1990 magister
583 1909 746 1982 NieoleuS,
768 1909 855 1972 lilius
879 1926 981 1982 meus,
1006 1911 1058 1991 qui
1083 1911 1174 1974 solus
1196 1927 1312 1990 regens

224 2029 238 2066 ι
255 2007 295 2072 de
310 2007 392 2072 lilio
408 2023 425 2070 a
442 2024 493 2072 me
509 2008 635 2089 positus
659 2008 717 2072 suit
719 2053 800 2084 ......
819 2019 849 2072 et
872 2008 943 2088 ipse
967 2009 1119 2090 magister
1138 2009 1214 2086 Leo,
1234 2009 1312 2074 dieti

224 2107 443 2189 »paedagogii
460 2107 501 2171 de
526 2107 606 2171 Lilio
632 2107 751 2188 pariter
776 2123 905 2189 regens,
932 2118 1025 2172 erunt
1048 2108 1151 2190 quoad
1175 2108 1314 2174 lucraret

224 2207 381 2282 idemne,
410 2209 552 2271 honores
576 2217 608 2272 et
629 2217 740 2282 onera,
755 2207 918 2288 aequales,
936 2209 1025 2272 salvo
1041 2209 1126 2288 quod
1143 2207 1227 2274 idem
1245 2225 1311 2272 nua-

225 2305 358 2386 »gister
373 2306 438 2370 Leo
460 2304 492 2368 in
515 2305 636 2369 artibus
652 2321 710 2385 nro
727 2305 854 2370 vicariis
879 2306 920 2381 lid
937 2315 987 2371 est
1001 2306 1234 2388 professoribus)
1252 2305 1311 2370 ali-

226 2421 353 2486 nquam
369 2405 540 2470 lectionem
556 2405 721 2469 actualiter
738 2405 881 2471 lecturus
901 2406 943 2470 sit
964 2407 1014 2471 vel
1038 2406 1309 2488 anteprandialem

225 2503 305 2567 »vel
332 2502 644 2585 postprandialem...
673 2501 812 2568 lntentio
837 2504 922 2569 enim
952 2521 1020 2569 mea
1043 2515 1105 2582 est,
1127 2505 1213 2586 quod
1228 2522 1310 2570 unus

222 2611 422 2684 »regentum
446 2600 484 2664 ad
510 2601 616 2666 miuus
638 2601 680 2666 sit
702 2602 869 2666 actualiter
892 2619 928 2667 se
950 2619 1106 2668 exercens
1126 2603 1158 2666 in
1175 2602 1310 2679 artibus,

222 2701 296 2765 uita
312 2702 398 2783 quod
422 2700 464 2766 sit
486 2700 591 2765 bonus
613 2701 737 2778 antistet,
762 2701 844 2766 barre
863 2701 978 2766 doetus
995 2702 1312 2779 ina1·tiltus,etdili-

225 2813 369 2882 ngenter
392 2800 590 2876 doctrinalis,
615 2804 647 2865 et
669 2801 883 2882 philosophus
909 2810 980 2865 aeta
1009 2801 1260 2882 plrilosonlrans3
1278 2809 1310 2867 el

226 2900 341 2982 equod
366 2899 428 2964 tale
454 2899 640 2964 exercitium
664 2899 759 2964 laniet
784 2917 843 2980 pro
865 2899 994 2964 vinariis
1013 2901 1106 2964 anuis
1122 2901 1232 2964 deeem
1250 2916 1310 2964 suo

223 3019 238 3057 ι
254 2999 388 3063 introitu
405 2999 571 3080 proximis.
582 3020 595 3056 u
606 2997 651 3062 lle
664 2997 723 3061 hae
739 2998 925 3064 inundatione
940 2997 1002 3079 legi
1020 3009 1126 3080 potest
1138 2997 1309 3062 eonsilium

220 3097 339 3162 cxclll
356 3099 440 3163 iuter·
462 3097 609 3174 Consilio,
633 3113 715 3178 quae
731 3097 819 3162 dedit
846 3115 883 3162 ae
907 3097 1047 3178 vulgavit
1062 3096 1215 3162 Nieolaus
1230 3096 1311 3162 Eve-

220 3198 317 3274 rardi‚
332 3197 416 3278 juris
434 3198 602 3279 utriusque
617 3197 743 3261 duetor.

261 3296 319 3372 lta,
342 3305 375 3360 ut
397 3303 551 3361 statuerat
567 3295 707 3371 llirulus,
724 3295 925 3377 gymnasium
942 3295 1004 3360 lroe
1020 3293 1131 3376 primis
1146 3294 1211 3359 illis
1228 3303 1308 3360 tem·

220 3397 354 3478 porinus
367 3395 630 3478 gymnasiarnlrae
646 3398 873 3477 possederunt,
884 3396 1088 3477 urolessores
1105 3413 1163 3477 pro
1175 3395 1308 3460 arbitrio

220 3513 279 3562 suo
305 3497 510 3578 deputantes,
538 3512 638 3560 onera
664 3495 770 3560 omnia
797 3504 828 3561 el
857 3497 1025 3560 commoda
1056 3511 1114 3560 sua
1141 3495 1308 3560 laniantes.

220 3595 428 3660 Postmodum
453 3595 638 3676 provisores
654 3594 717 3658 dati
735 3604 810 3658 sunt
823 3593 897 3658 lruie
913 3594 1111 3674 paedagogio
1129 3602 1210 3670 tres;
1228 3611 1294 3674 quo

221 3711 289 3759 rum
303 3695 387 3758 duos
400 3711 417 3758 e
429 3710 566 3774 corpore
581 3693 805 3758 Universitatis
821 3693 943 3774 eligunt
964 3709 1079 3774 regens
1096 3703 1127 3758 et
1142 3693 1308 3774 professo·

222 3809 285 3869 res,
294 3792 423 3858 tertium
432 3793 735 3858 constituunlsimul
749 3802 886 3874 quatuor
895 3791 1080 3874 paedagogii
1091 3792 1305 3873 professores,

264 3972 349 4040 Obiit
374 3972 523 4039 tundatur
550 3973 619 4038 lilii
646 3973 779 4039 Carolus
806 3971 904 4038 Viruli
933 3972 985 4038 die
1011 3968 1064 4036 13⁸
1093 3974 1167 4045 lnon
1191 3973 1255 4052 lte,
1281 3979 1315 4040 ut

224 4075 340 4141 asserit
355 4073 501 4139 Valerius
515 4073 670 4152 Andreas)
687 4072 760 4155 maji
776 4071 868 4137 1193.
886 4071 1036 4154 sepultus
1050 4071 1107 4136 luit
1119 4072 1201 4151 apud
1217 4089 1313 4139 enno·

225 4175 315 4242 nieos
329 4173 495 4258 regulares
512 4173 611 4239 saneti
630 4173 752 4238 llartini
770 4172 912 4238 Lovanii.
929 4170 1107 4255 Sepuleliro
1124 4170 1204 4254 ejus,
1222 4170 1308 4255 quod

308 4309 349 4360 tl.
1191 4287 1227 4358 12
