3158 4952
660 491 844 552 -aal-

202 687 277 734 num
290 671 448 734 decanum
466 669 497 732 in
516 671 677 750 presentia
694 670 896 736 dominorum
913 671 1007 743 lecta.
1023 671 1130 751 posuit
1143 672 1295 738 dominos

200 769 346 833 decanus
368 768 400 831 in
424 757 949 836 deliberationibus*dominorum.
970 771 1045 834 Fost
1068 787 1143 834 vero
1167 773 1296 852 longam

200 866 435 932 conferentiam
452 877 483 930 et
495 885 534 931 ex
546 884 658 932 eornm
671 869 875 932 dominorum
889 869 1120 933 deliberatione
1136 869 1296 934 conclusit

199 965 354 1030 dominus
381 967 536 1039 decanos,
562 967 646 1047 qood
676 968 760 1031 istud
791 968 952 1047 negotium
980 977 1104 1048 spectat
1130 968 1168 1031 ad
1196 977 1295 1032 totam

202 1063 404 1138 facultatem
423 1075 454 1128 et
474 1076 643 1145 propterea
661 1065 714 1129 liat
731 1060 873 1129 crastino
898 1065 949 1129 die
965 1066 1172 1149 congregatio
1196 1067 1295 1130 totius

198 1163 363 1228 sacrrltatis
387 1163 425 1225 ad
444 1163 554 1226 horam
577 1181 693 1229 nortarn
711 1165 770 1227 sub
785 1164 979 1244 juramento,
997 1176 1028 1228 et
1043 1166 1128 1244 qood
1146 1164 1295 1228 dominus

201 1263 347 1326 deoarros
372 1273 528 1342 proponat
546 1263 697 1336 facultati,
718 1281 756 1326 an
777 1265 844 1343 ipsa
869 1264 1002 1327 facultas
1019 1263 1092 1327 relit
1117 1279 1223 1327 emere
1239 1262 1296 1326 do·

202 1377 290 1424 mum
308 1360 546 1442 pedagogialem
564 1362 724 1436 Falconis,
742 1372 771 1424 et
790 1363 990 1425 committere
1008 1363 1168 1441 negotium
1185 1361 1295 1442 aliqui-

202 1459 265 1522 bus
292 1475 330 1522 ex
357 1459 553 1533 senioribus,
579 1461 632 1540 qui
660 1459 842 1540 huiusmodi
873 1462 1033 1540 negotium
1058 1469 1230 1523 tractarent
1256 1475 1295 1524 ex

203 1565 296 1638 parte
320 1559 479 1622 l'acoltatis
503 1576 574 1620 cum
599 1571 730 1639 regente
755 1561 909 1624 moderno
932 1575 1030 1640 super
1052 1559 1214 1638 emptione
1237 1558 1295 1622 do·

204 1672 291 1732 mua,
308 1665 341 1720 et
356 1673 428 1720 corn
449 1657 555 1720 loturo
572 1668 701 1737 regente
724 1675 822 1738 super
837 1659 1057 1738 acceptatione
1081 1656 1291 1738 pedagogium

203 1755 278 1836 (sic)
295 1772 352 1818 seu
367 1756 496 1820 domum
510 1755 581 1836 (sic)
599 1756 757 1832 Falconis,
772 1773 844 1821 «tum
858 1767 961 1820 tamen
976 1755 1131 1821 relatione
1143 1756 1181 1818 ad
1196 1755 1294 1819 lacul-

204 1863 317 1917 talent.
335 1855 426 1929 Aera,
440 1852 506 1926 vll,
525 1854 578 1917 l'ol.
597 1854 657 1918 255
673 1863 716 1916 r⁰.

248 2005 307 2066 Die
321 2005 440 2080 martia,
457 2005 515 2066 cix
530 2007 643 2069 inermia
659 2005 791 2068 uctodris
808 2004 900 2078 lant,
919 2006 995 2067 liora
1015 2021 1107 2076 riona,
1125 2005 1155 2066 in
1172 2002 1295 2068 sclrolis

202 2103 390 2166 artistarum
407 2101 527 2165 indicta
546 2103 603 2165 luit
619 2103 825 2182 congregatio
842 2103 1092 2166 extraordinaria
1109 2111 1140 2165 et
1156 2103 1295 2182 solemp-

203 2202 256 2264 nis
271 2200 333 2264 sul)
346 2200 531 2280 juramento
548 2218 645 2280 super
662 2202 870 2281 sequentibus
886 2200 1032 2264 articulis
1050 2218 1056 2262 :

245 2300 373 2363 Primus
390 2317 400 2361 :
416 2301 463 2362 An
490 2300 612 2377 placent
636 2300 774 2363 inanitati
799 2316 906 2364 emere
930 2301 1060 2362 londmn
1089 2316 1145 2362 seu
1162 2299 1293 2366 dornunt

200 2396 445 2478 pedagogialem
462 2397 611 2460 Falconis
626 2414 698 2461 raom
715 2397 865 2462 omnibus
888 2399 956 2461 suis
973 2397 1173 2477 pertinentiis
1189 2408 1220 2460 et
1235 2414 1291 2460 an-

201 2496 295 2560 nexis
319 2496 490 2559 onirersis.
514 2497 673 2560 Secundus
691 2516 700 2560 :
717 2503 807 2561 none
832 2497 954 2575 placeat
975 2497 1112 2560 laoultati
1136 2497 1293 2576 deputare
1368 2541 1371 2546 -

199 2611 260 2658 seu
287 2593 452 2657 nominare
475 2606 582 2658 certos
602 2595 784 2674 deputatos
803 2596 856 2675 oui
883 2595 1011 2659 nomine
1035 2594 1196 2658 laoultatis
1218 2611 1291 2658 cum

201 2695 335 2773 regente
358 2694 629 2772 modernosuper
652 2692 834 2773 hujusmodi
857 2695 1019 2774 emptione
1038 2695 1153 2756 domus
1176 2709 1292 2758 conve

202 2792 304 2865 niani,
318 2802 349 2856 et
363 2808 436 2855 cum
455 2794 560 2855 l'uturc
578 2803 708 2872 regente
725 2802 860 2856 tractent
875 2793 913 2854 ad
932 2793 1088 2856 ltonorem
1103 2804 1134 2856 et
1149 2808 1291 2857 cornino-

198 2889 280 2952 dum
297 2890 458 2954 l'acoltatis
475 2890 597 2954 meliori
615 2890 723 2964 modo,
735 2907 798 2970 ouo
816 2900 960 2969 possent.

243 2988 400 3066 Quantum
415 2989 456 3052 ud
468 2991 614 3069 primum,
634 2989 752 3068 placuit
768 2987 919 3063 laoultati,
934 2989 1018 3068 quod
1035 3005 1074 3052 ex
1091 2997 1179 3069 parte
1196 2987 1290 3052 lacul-

197 3088 275 3150 tatis
289 3097 415 3151 ematur
430 3089 546 3151 domus
565 3089 781 3168 pedagogialis
798 3087 946 3152 Falconis
966 3103 1038 3150 com
1055 3087 1205 3152 omnibus
1221 3087 1290 3151 sois

199 3185 403 3264 pertinentiis
422 3187 581 3250 urriversis
605 3197 636 3249 et
651 3187 798 3258 antrexis,
817 3187 941 3251 meliori
960 3187 1066 3260 inodo,
1087 3203 1151 3266 quo
1172 3194 1289 3265 potest,

194 3283 237 3347 ad
255 3283 424 3348 utilitatem
441 3295 474 3348 et
489 3285 694 3348 commodum
712 3285 882 3348 lireultatis.

240 3382 398 3460 Quantum
414 3383 455 3445 od
468 3383 648 3458 secundum,
662 3382 782 3446 dontini
799 3383 838 3446 ad
856 3383 916 3446 lroc
930 3383 1134 3446 rtorninarnnt
1150 3382 1188 3444 ad
1207 3391 1289 3445 trac-

199 3481 330 3544 tandum
355 3498 428 3544 cum
453 3483 608 3546 moderno
633 3494 762 3562 regente
780 3481 929 3545 Falconis
952 3499 1051 3561 super
1072 3481 1234 3560 emptione
1257 3488 1289 3544 et

199 3579 385 3643 venditione
408 3581 523 3644 domus
541 3579 688 3645 Falconis
710 3597 783 3644 curn
800 3581 869 3644 suis
888 3580 1089 3660 pertinentiis
1114 3577 1287 3654 uniuersis,

196 3686 230 3742 et
245 3693 320 3742 cum
337 3677 444 3741 loturo
461 3689 591 3758 regente
607 3678 768 3754 demodis
784 3690 816 3743 et
830 3679 1071 3742 conditionibus
1084 3677 1286 3742 conducendi

199 3775 386 3856 hujusmodl
403 3775 531 3840 domum
552 3793 608 3840 seo
625 3777 822 3856 gubernandi
836 3776 1047 3857 juventutem,
1066 3776 1216 3840 dominos
1232 3775 1288 3840 de·

193 3890 326 3948 canum,
345 3884 546 3954 receptorem
571 3876 759 3939 modernum
776 3877 825 3954 (ll,
852 3875 1031 3955 Philippum
1055 3875 1155 3950 Bacis,
1172 3873 1287 3938 llrnol-

194 3971 273 4037 dum
288 3973 354 4036 Van
371 3971 429 4035 der
445 3973 670 4046 ilalrcrmilen,
683 3974 883 4038 Tilrnannum
900 3974 1014 4039 Clerici
1030 3985 1062 4038 et
1073 3971 1289 4038 Flreodrieum

233 4154 272 4227 (l)
294 4155 431 4224 Receptus
453 4161 511 4210 orat
533 4173 565 4210 oo
589 4129 710 4227 tempore
730 4157 862 4226 magister
884 4156 1038 4210 ludovicos
1059 4154 1118 4209 Van
1139 4155 1237 4210 Germe
1256 4155 1290 4207 de

133 4295 135 4298 .
199 4244 342 4306 punicis,
