3130 4956
775 485 964 576 ..tto-

328 695 410 762 rum,
428 685 541 770 partim
565 687 597 752 in
620 688 804 755 eorumdem
826 689 982 768 absentia,
999 701 1030 756 et
1047 691 1173 758 tandem
1190 702 1261 774 post
1278 687 1405 775 longam

329 787 558 852 conferentiam
587 787 618 851 in
641 787 904 855 deliberationem
926 791 1129 856 dominorum
1157 807 1212 873 per
1238 792 1404 856 dominum

329 885 483 951 decanum
513 887 721 968 propositam,
751 905 790 954 en
819 889 976 954 conformi
1005 889 1146 954 omnium
1175 891 1407 956 deliberatione

328 985 486 1050 conclusit
509 985 657 1051 deminus
682 986 835 1063 decanus,
863 989 1011 1054 dominos
1027 989 1087 1054 bac
1102 988 1308 1062 conditionali
1326 989 1406 1054 resi·

328 1084 477 1165 gnatiuns
500 1101 563 1149 non
578 1101 652 1150 esse
667 1095 847 1163 contentos,
864 1087 919 1152 sed
936 1104 1054 1169 cupere
1069 1089 1153 1170 quod
1169 1087 1360 1168 simpliciter
1374 1096 1407 1152 et

328 1181 428 1248 libere
442 1183 584 1266 resignet
599 1187 772 1266 regentlam
789 1203 877 1250 suam
895 1186 925 1249 in
942 1203 1056 1251 manus
1071 1187 1285 1260 dominorum.
1303 1197 1335 1252 et
1349 1186 1406 1251 luas

310 1281 528 1370 'conditiones
554 1283 604 1348 vel
630 1283 751 1350 similes
776 1285 953 1350 cornmittat
977 1285 1109 1350 arbitrio
1131 1296 1162 1350 el
1181 1285 1407 1351 benevolentia

328 1379 530 1447 dominorum
546 1383 839 1448 commissariorum
856 1383 1025 1460 facultatis,
1042 1384 1082 1450 de
1096 1401 1233 1465 quorum
1249 1383 1357 1449 lavore
1373 1393 1405 1448 et

328 1481 521 1548 humanitate
546 1482 650 1563 ipsam
672 1482 754 1550 bene
773 1499 903 1564 sperare
915 1481 1067 1564 jubebant
1082 1493 1113 1548 et
1127 1483 1300 1556 confidere,
1316 1482 1404 1565 quod

329 1579 361 1644 in
382 1581 588 1663 transigendo
608 1597 680 1648 cum
697 1597 886 1648 successore
902 1582 1055 1646 rationem
1071 1581 1172 1664 ipsius
1188 1582 1324 1647 maxime
1338 1583 1406 1646 sint

326 1678 478 1755 babituri,
505 1678 622 1760 alioqui
649 1680 682 1744 in
709 1679 905 1761 presentium
930 1679 1132 1746 dominorum
1155 1689 1312 1762 potestate
1339 1696 1405 1745 non

327 1796 400 1845 esse
415 1779 447 1842 in
460 1779 511 1843 llis
525 1777 575 1844 vel
591 1777 751 1846 similibus
762 1779 1000 1844 conditionibus
1012 1796 1233 1846 successorem
1245 1780 1402 1862 obligare,

326 1878 383 1943 sed
409 1877 440 1941 in
466 1877 505 1943 iis
531 1878 744 1960 interipsum
771 1878 934 1944 dominum
961 1890 1124 1961 regentem
1152 1879 1340 1944 modernum
1371 1888 1406 1944 et

325 1993 547 2042 successorem
571 1977 764 2042 mediatores
782 1977 906 2043 futuros
921 1978 1070 2043 dominos
1085 1977 1337 2043 commissarios.
1353 1978 1402 2042 Ad

326 2092 418 2157 qnam
430 2075 902 2142 dominorumdeliberationem
914 2084 946 2142 et
957 2076 1197 2142 conclusionem
1210 2077 1403 2142 audiendam

325 2183 474 2240 revocato
500 2175 629 2242 domino
655 2183 796 2258 regente,
824 2175 912 2255 prius
936 2175 1079 2240 recitavit
1094 2175 1242 2240 dominus
1257 2175 1403 2240 decanus

324 2273 565 2342 conclusionem
580 2283 653 2338 ante
669 2273 833 2354 prandium
846 2282 982 2354 captam,
999 2272 1114 2338 deinde
1130 2274 1211 2338 bano
1223 2273 1286 2354 jam
1304 2275 1402 2354 paulo

324 2381 397 2440 ante
411 2382 546 2456 captam,
562 2388 677 2454 rogans
689 2373 837 2449 eundum,
852 2382 884 2436 ut
893 2371 957 2453 jum
971 2383 1144 2453 postremo,
1159 2373 1403 2440 habitatatione

323 2471 457 2538 honoris
472 2473 534 2545 sui,
551 2488 615 2536 non
638 2470 834 2550 permitteret
849 2471 998 2535 dominos
1013 2472 1051 2536 ad
1067 2481 1242 2537 extremum
1259 2473 1401 2553 rigorem

322 2571 443 2636 venire.
467 2569 522 2634 llle
537 2569 652 2634 deinde
668 2585 766 2649 pauca
782 2571 915 2650 quedam
932 2571 992 2633 alia
1008 2587 1118 2644 onera,
1135 2587 1197 2652 que
1211 2587 1247 2635 se
1262 2571 1400 2636 oblitum

322 2669 457 2744 dicebat,
485 2669 659 2742 adducens,
684 2676 715 2732 el
736 2667 874 2732 dominis
896 2669 1125 2733 commendans
1140 2687 1176 2734 se
1191 2670 1228 2733 ad
1248 2670 1400 2736 obtinen-

322 2769 394 2833 dam
417 2767 665 2832 nominationem
688 2765 776 2831 brevi
799 2777 993 2842 vacaturam,
1018 2768 1181 2833 meliorem
1202 2785 1296 2849 quam
1313 2787 1401 2835 nnrtc

321 2866 476 2947 temporis
498 2865 637 2940 baberet,
661 2863 761 2930 libere
782 2865 814 2928 in
835 2880 947 2929 manus
962 2865 1162 2932 dominorum
1177 2883 1266 2931 suam
1285 2885 1401 2949 regen·

321 2966 395 3031 tiam
418 2965 601 3047 resignavit.
624 2961 791 3044 Subiunxit
812 2964 961 3028 dominus
983 2965 1124 3029 decanus
1146 2981 1182 3028 se
1205 2966 1334 3031 nomine
1351 2969 1399 3030 fa·

319 3063 445 3130 cultatis
474 3062 720 3144 resignationem
749 3061 797 3126 sic
826 3061 926 3126 libere
952 3062 1065 3127 factam
1092 3073 1259 3143 acceptare
1285 3081 1398 3131 coram

320 3163 444 3229 notario
458 3161 473 3226 J
478 3163 580 3228 udoco
595 3161 635 3226 de
650 3159 761 3236 creua,
779 3161 905 3226 badello
922 3170 1032 3226 nostre
1045 3162 1203 3227 facultatis
1215 3173 1248 3228 et
1259 3164 1401 3230 testibus

319 3261 457 3327 dominis
479 3261 625 3326 omnibns
648 3260 861 3344 presentibus.
888 3259 1008 3325 lleinde
1031 3261 1152 3341 rogarit
1174 3262 1325 3326 dominus
1340 3263 1397 3328 de·

318 3377 418 3427 cartus
440 3361 586 3426 seniores
609 3360 778 3440 magistros
798 3361 925 3434 domus,
943 3370 989 3434 ul,
1005 3359 1099 3424 sicuti
1123 3378 1224 3441 nuper
1240 3362 1398 3441 promise·

319 3469 401 3535 rant,
414 3460 454 3526 ad
466 3460 585 3542 aliquot
605 3459 687 3533 dies,
705 3459 807 3523 donec
823 3475 995 3524 successor
1010 3459 1106 3523 luerit
1121 3460 1280 3536 irruemus,
1297 3461 1399 3527 velint

320 3559 447 3624 domum
474 3557 668 3623 intertenere
692 3565 724 3622 el
745 3555 941 3638 jnrontutem
965 3557 996 3620 in
1017 3555 1124 3622 officio
1146 3558 1322 3636 continere,
1340 3578 1397 3625 ex-

321 3658 469 3740 ponendo
491 3673 540 3734 ea,
563 3674 625 3738 que
647 3657 685 3720 ad
713 3657 828 3720 victum
844 3665 875 3720 et
890 3656 971 3720 alios
988 3673 1065 3721 usus
1080 3656 1194 3722 domus
1211 3661 1396 3724 necessaria

320 3764 441 3835 essent,
466 3756 652 3838 promittens
675 3757 803 3820 nomine
825 3755 981 3820 facultatis
1004 3773 1040 3822 se
1062 3773 1286 3823 asucccssure
1300 3775 1395 3823 oura-

319 3867 424 3922 turum
447 3855 639 3921 solutionem
663 3871 785 3930 eorum,
809 3871 870 3937 quc
892 3855 981 3920 bisce
1002 3855 1115 3921 diebus
1131 3869 1161 3922 et
1184 3857 1294 3923 adeos
1314 3876 1395 3926 osus

319 3966 526 4039 exponerent.
542 3955 633 4031 Aona,
650 3954 729 4029 vltl,
748 3956 802 4020 fol.
820 3955 876 4020 291
895 3969 928 4020 v⁰
943 3968 974 4021 et
989 3955 1048 4021 292
1065 3968 1105 4020 1¹⁰.

360 4155 417 4220 llic
428 4156 544 4232 morlia,
561 4151 609 4218 ai*
619 4157 733 4218 meraris
745 4155 913 4219 novembris
927 4154 1016 4230 lact,
1032 4154 1150 4220 indicta
1165 4165 1215 4221 est
1230 4154 1396 4239 deputatio

320 4255 611 4321 commissariorum
634 4254 749 4319 domus
771 4255 987 4336 pedagogialis
1006 4255 1088 4330 lilii,
1105 4256 1142 4319 ad
1168 4255 1278 4320 boram
1306 4255 1395 4322 deci-
