3186 4942
726 403 911 466 -360-

274 581 385 662 Belgio
407 599 534 664 quoque
557 582 752 664 pullulantes
776 590 808 648 et
822 599 904 648 nova
927 582 1050 648 lirasmi
1066 582 1214 664 dogmata
1237 601 1309 649 cum
1327 585 1362 649 in

272 681 395 746 scholis
420 690 486 746 tum
513 681 545 744 in
569 683 696 762 templis
714 684 817 763 palam
844 683 1020 747 insectatus
1044 683 1102 746 luit
1125 684 1360 748 vehementius,

276 781 368 846 Unde
390 781 421 843 in
444 781 592 862 epistolis
614 781 809 846 Erasmianis
825 782 863 859 ll)
879 789 925 846 tot
953 783 1071 862 passim
1098 782 1130 844 in
1157 800 1229 847 euru
1254 783 1363 864 queri-

272 880 397 945 moniae
413 889 445 944 et
467 880 662 954 invectivae;
680 889 870 960 mortuoque
884 880 1070 945 Desiderius
1086 880 1236 946 liberiore
1248 881 1361 962 lingua

268 996 399 1045 carmen
411 981 473 1044 boo
489 980 658 1059 rependit:

412 1111 469 1176 llic
481 1111 565 1192 jncet
580 1110 778 1191 EgmonduS,
797 1110 924 1174 telluris
940 1111 1054 1174 inutile
1071 1112 1211 1192 pondus,

486 1209 600 1290 bilexit
615 1209 750 1282 rabiem,
770 1225 833 1272 non
850 1209 965 1272 babeat
981 1209 1137 1290 requiem.

308 1343 364 1407 Cui
390 1341 578 1406 carmelitae
604 1341 718 1422 Belgae
744 1341 806 1405 boc
832 1340 988 1422 ligmundi
1017 1341 1225 1406 honorarium
1252 1341 1355 1424 epita-

268 1441 377 1521 pbium
398 1457 607 1521 opposuere:

348 1573 405 1636 llio
418 1571 502 1653 jacet
517 1571 716 1652 Egmundus,
734 1571 788 1652 qui
804 1572 919 1636 doctor
936 1571 967 1634 in
983 1581 1051 1635 arte
1069 1571 1262 1652 profundus,

402 1671 501 1746 Quam
519 1669 626 1736 tremit
641 1671 836 1744 haereticus,
854 1673 929 1734 dum
948 1670 1064 1749 premit
1078 1671 1228 1746 animine,

350 1772 430 1846 Quid
448 1772 509 1835 lert
523 1772 709 1834 sarcasmo?
724 1769 831 1850 stylus
847 1777 898 1834 est
913 1779 1092 1834 consuetus
1108 1767 1240 1834 Erasmo
1258 1789 1266 1834 ε

461 1870 627 1935 Viventem
643 1870 760 1945 timuit,
778 1879 851 1950 post
867 1869 989 1934 obitum
1006 1870 1152 1952 impetiit.

426 1969 560 2032 Maxima
577 1969 735 2033 viventem
752 1968 924 2032 devincere
941 1968 1044 2047 palma
1061 1969 1186 2044 luisset,

400 2069 523 2134 llucere
538 2085 611 2132 cum
627 2067 765 2132 exanimi
782 2067 913 2148 praelia,
930 2067 1024 2148 quale
1040 2067 1213 2147 probrum!

262 2251 307 2304 via
319 2250 354 2302 ad
368 2248 486 2318 gratiam
499 2249 731 2315 sanctificantem
746 2249 793 2302 sed
807 2266 822 2303 e
835 2248 973 2304 contrario
993 2249 1083 2318 gratia
1096 2255 1137 2304 est
1150 2249 1194 2302 ria
1212 2249 1247 2303 ad
1260 2247 1350 2320 ipsam

262 2340 476 2411 displicentiam.
493 2371 528 2379 -
541 2339 587 2394 30.
603 2339 687 2394 Dolor
706 2339 739 2393 de
754 2356 808 2393 uno
828 2345 939 2410 peccato
958 2341 1018 2394 sine
1037 2341 1131 2395 dolore
1145 2341 1267 2395 omnium
1287 2357 1351 2412 pec-

261 2440 353 2489 catum
374 2439 424 2488 est.
442 2464 476 2473 -
491 2434 591 2523 Omnes
609 2433 695 2502 igitur
713 2437 741 2486 et
754 2433 881 2501 singulos
901 2433 1073 2504 supradictos
1086 2434 1219 2488 articulos
1238 2451 1348 2500 revoco,

260 2525 375 2594 reprobo
394 2528 421 2578 et
440 2523 554 2590 damnu;
576 2539 693 2594 quorum
706 2522 795 2593 aliqui
814 2523 997 2578 suntnotorie
1017 2521 1149 2578 baeretici
1169 2527 1225 2577 eta
1245 2524 1350 2578 sanctis

260 2616 391 2670 Patribus
401 2615 548 2686 reprobati,
556 2614 668 2686 quidam
680 2630 716 2668 ex
729 2613 796 2684 ipsis
809 2614 973 2678 scandalum,
982 2614 1032 2668 alii
1044 2631 1107 2669 vero
1117 2615 1224 2685 piarum
1237 2615 1349 2670 aurium

259 2706 396 2774 offenaivi,
416 2706 544 2760 nonnulli
568 2703 734 2774 simplicium
753 2705 886 2760 mentium
906 2705 1048 2770 seductivi,
1071 2711 1098 2760 et
1118 2723 1211 2762 omnes
1237 2706 1349 2762 verimti

259 2797 411 2851 catholicae
433 2796 573 2850 obviantes
598 2801 625 2850 et
651 2795 859 2850 contrariantes.
885 2795 1021 2850 Profiteor
1042 2801 1136 2850 autem
1161 2797 1229 2851 haec
1253 2797 1349 2852 omnia

260 2903 338 2958 pure.
350 2891 379 2941 et
388 2885 447 2942 sine
460 2886 626 2948 conditione,
639 2903 674 2941 ex
683 2886 776 2940 animo
790 2886 906 2951 sincero,
919 2885 1000 2956 plene
1010 2886 1044 2942 de
1054 2887 1168 2942 veritate
1178 2889 1349 2956 instructus;

259 2983 287 3032 et
295 2979 361 3046 juro
374 2993 423 3046 per
435 2983 558 3032 muctam
571 2975 736 3031 Trinitatem
749 2981 777 3031 et
790 2976 872 3030 fidem
887 2975 1002 3030 Christi.
1021 3003 1033 3024 .

297 3067 339 3122 Ad
354 3067 505 3137 marginem
519 3067 580 3124 lolii
593 3067 622 3120 in
635 3068 731 3122 eodem
741 3067 902 3120 Memoriali
916 3066 1066 3121 adnotatur
1082 3087 1088 3122 :
1107 3092 1120 3113 ··
1133 3068 1286 3123 Revocatio.
1295 3067 1352 3124 ista

259 3161 331 3214 saeta
350 3165 393 3214 eet
411 3159 550 3214 Bruxellis
569 3159 598 3213 in
616 3158 731 3214 ecclesia
746 3163 859 3212 sanctae
880 3157 1016 3227 Gudulae,
1039 3176 1123 3230 supra
1144 3161 1235 3222 oxale,
1254 3175 1351 3214 comm

256 3251 332 3306 clero
345 3253 372 3306 et
382 3251 457 3304 omni
471 3251 583 3321 populo,
597 3266 646 3320 per
659 3249 742 3304 istum
756 3250 869 3304 fratrem
880 3248 1124 3318 Augustinensem,
1138 3250 1186 3321 qui
1199 3255 1266 3304 tnnc
1275 3250 1351 3320 fugit

256 3341 285 3394 in
308 3340 467 3407 sexenium,
487 3349 515 3395 et
533 3340 563 3394 in
583 3339 719 3395 haeresim
742 3355 821 3393 suam
844 3338 891 3392 hic
909 3355 1068 3409 expressam
1091 3341 1215 3410 relapsus
1238 3345 1289 3396 est.
1311 3341 1348 3395 Et

255 3431 395 3486 hominem
408 3437 450 3486 tot
461 3437 614 3486 erratorum
627 3447 704 3484 reum
718 3431 848 3485 Erasmus
861 3431 964 3500 (Epist.
979 3431 1043 3496 427,
1059 3436 1096 3484 ad
1109 3431 1277 3497 Latinarum)
1288 3447 1345 3486 non

255 3521 360 3576 veritus
373 3527 415 3577 est
432 3523 485 3576 hoc
498 3522 622 3576 encomio
643 3521 758 3574 laudare
774 3538 780 3573 :
798 3544 811 3565 a
824 3521 873 3574 Est
886 3520 1052 3591 Antrerpiae
1073 3521 1146 3592 prior
1159 3523 1219 3591 ejus
1233 3537 1344 3575 monas·

258 3637 270 3663 a
286 3611 349 3667 terii
363 3613 405 3667 vir
418 3630 486 3684 pure
503 3612 680 3676 christianus,
696 3611 745 3683 qui
758 3615 785 3665 te
799 3611 880 3665 unice
893 3612 1011 3679 deamat,
1027 3617 1090 3666 tuus
1110 3612 1178 3666 olim
1191 3611 1344 3682 dicipulus,

257 3727 269 3750 n
285 3707 316 3758 ut
335 3703 483 3774 praedicat.
504 3703 664 3758 [somnium
683 3703 760 3756 eolus
774 3701 914 3756 Christum
934 3703 1083 3772 praedicat.
1101 3702 1190 3758 Ceteri
1211 3719 1274 3756 vero
1293 3709 1346 3756 aut

257 3818 269 3841 ιι
285 3793 428 3849 hominum
450 3795 569 3858 fabulae,
594 3799 643 3847 aut
665 3810 746 3848 suum
773 3799 919 3864 quaestum
945 3794 1115 3864 praedicant.
1133 3819 1145 3840 n
1172 3794 1243 3846 Eant
1268 3809 1344 3846 nunc

254 3883 361 3938 Erasmi
371 3885 544 3955 apologistae
553 3891 581 3939 at
594 3884 685 3939 virum
700 3885 783 3954 probo
796 3883 964 3938 catholicum
974 3885 1059 3938 fuisse
1072 3885 1136 3938 aliis
1147 3884 1341 3955 persuadeant.

289 3974 327 4046 (l)
349 3975 407 4030 Hoc
423 3992 510 4030 unum
528 3975 574 4030 hic
587 3975 797 4030 transcribimus
816 3991 849 4028 ex
870 3976 957 4040 Epist.
972 3975 1038 4042 629,
1053 3975 1088 4030 ad
1101 3975 1247 4036 tudunum,
1264 3991 1341 4044 prae·

251 4065 339 4120 sidem
358 4066 610 4122 Mechliniensem:
634 4090 649 4113 u
664 4067 732 4122 Cum
747 4067 797 4120 illo
821 4065 1022 4138 [Egmondano]
1042 4069 1103 4136 jam
1127 4066 1194 4121 mihi
1217 4070 1294 4119 vetus
1313 4071 1343 4120 et

253 4157 370 4226 capitale
388 4159 482 4212 odium
500 4157 664 4221 intercessit,
679 4165 827 4228 antequam
845 4157 963 4210 mundus
976 4157 1060 4212 sciret
1073 4165 1167 4212 natum
1176 4155 1338 4221 Lutherum,

253 4247 288 4301 ob
302 4247 413 4316 linguas
426 4253 453 4303 et
466 4249 550 4302 bonas
564 4248 668 4312 literas,
684 4265 753 4319 quas
766 4247 815 4301 ille
828 4247 985 4320 capitaliter
997 4248 1065 4303 odit.
1081 4274 1093 4295 a
