3158 4952
656 477 841 542 -ttttt-
901 507 908 522 ·

195 655 363 731 edificare,
395 658 444 722 vel
475 658 657 723 conducere
687 659 781 722 aliam
811 658 954 734 domum,
983 675 1088 739 neque
1114 659 1291 740 regentium

196 771 343 831 servare,
372 765 405 822 et
430 757 473 821 ita
496 774 556 822 suo
583 758 713 822 nomine
739 773 870 822 servare
891 757 1104 838 iuventutem,
1129 757 1186 821 sed
1209 757 1292 822 bene

197 855 331 920 nomine
347 866 379 920 et
394 856 576 937 sumptibus
593 857 751 921 facultatis
765 856 941 939 predictam
954 857 1084 922 domum
1097 855 1291 921 anteriorem

196 969 366 1034 reparare,
376 955 408 1018 in
425 967 579 1035 quantum
591 955 740 1020 videatur
754 956 920 1036 expedire,
932 955 983 1019 vel
1000 956 1183 1020 conducere
1197 953 1292 1018 aliam

196 1053 345 1128 domum,
369 1063 401 1117 et
421 1057 463 1117 ita
485 1069 616 1118 servare
628 1054 827 1133 juventutem
844 1065 875 1118 et
892 1053 1015 1118 servire
1030 1053 1183 1117 facultati.
1201 1053 1294 1117 Simi-

197 1149 275 1216 liter
298 1151 465 1232 predictus
487 1153 639 1216 dominus
661 1169 778 1233 regens
803 1152 892 1232 petiit
913 1151 1096 1216 afaoultate
1111 1150 1291 1216 subsidium

197 1267 260 1331 pro
278 1251 433 1331 expensis
456 1251 547 1315 factis
570 1261 633 1314 tam
652 1252 684 1314 in
700 1251 880 1332 reparando
897 1250 1072 1331 predictam
1088 1250 1219 1314 domum
1235 1265 1292 1313 seu

197 1349 293 1422 alias,
310 1349 464 1414 videlicet
486 1365 643 1414 summam
667 1359 884 1415 trecentorum
907 1347 1136 1431 quinquaginta
1151 1348 1293 1414 floreno-

199 1464 274 1512 rum
292 1448 490 1512 renensium.

244 1546 355 1610 Posuit
381 1547 533 1612 dominus
556 1547 698 1613 decanus
725 1548 756 1611 in
780 1547 1066 1614 deliberationibus
1088 1545 1293 1611 dominorum

198 1644 389 1726 lrujtrsmodi
417 1645 631 1726 propositum.
660 1646 736 1711 Post
762 1664 840 1712 vero
863 1646 991 1728 longam
1014 1645 1246 1711 conferentiam
1262 1654 1295 1710 et

198 1761 240 1809 ex
263 1744 552 1810 deliberationibus
573 1763 685 1810 eurum
708 1747 925 1822 dominorum,
942 1755 1074 1820 attento,
1089 1745 1174 1826 quod
1190 1743 1294 1808 domi-

199 1859 264 1907 nus
287 1859 405 1922 regens
421 1843 582 1919 Falconis,
600 1856 695 1924 prout
713 1845 888 1910 declaravit
909 1861 972 1909 nou
989 1861 1063 1908 esse
1082 1842 1293 1908 intentionem

199 1942 374 2021 reparandi
397 1959 455 2006 seu
478 1944 648 2007 edificandi
666 1944 841 2024 predictam
857 1945 999 2018 domum,
1025 1960 1128 2023 neque
1144 1940 1293 2006 servandi

195 2039 400 2119 iuventutem
427 2042 501 2122 sive,
518 2044 693 2122 negantiam
715 2043 784 2106 suis
811 2042 988 2122 impensis,
1018 2049 1138 2122 prestat
1161 2039 1294 2104 omnino

200 2140 344 2204 l‘acultati
359 2157 491 2205 servare
502 2150 649 2222 quartum
663 2142 873 2222 pedagogium
887 2151 918 2205 et
928 2140 1144 2222 juventutem3
1159 2147 1190 2203 et
1202 2154 1294 2218 prop·

200 2249 290 2302 terea
314 2241 499 2304 courducere
523 2242 653 2305 domurn
678 2240 811 2316 interea,
828 2251 859 2304 et
875 2241 960 2320 quod
983 2250 1094 2304 exacte
1111 2239 1294 2302 revisitetur·

199 2339 357 2418 expensis
376 2339 534 2402 facultatis
550 2338 692 2402 anterior
707 2341 822 2404 domus
839 2339 997 2414 Falconis,
1015 2355 1054 2402 an
1071 2338 1177 2418 aliquo
1197 2337 1295 2400 modo

200 2447 315 2516 posset
342 2438 504 2517 reparari;
533 2437 559 2500 si
591 2453 667 2512 tucn,
691 2439 890 2502 courducatur
911 2438 972 2500 alia
999 2438 1133 2510 domus;
1157 2445 1189 2501 et
1207 2435 1292 2516 quod

200 2537 325 2599 interea
337 2537 488 2599 dominus
501 2552 618 2616 regens
631 2536 707 2598 velit
722 2534 1072 2616 servarejuventutem,
1087 2536 1190 2598 donee
1201 2533 1295 2597 aliter

198 2651 257 2713 per·
285 2635 469 2700 facultatem
498 2635 592 2700 fuerit
619 2635 813 2699 ordinatum.
841 2635 1029 2702 Etdomini
1060 2633 1296 2698 commiserunt

197 2733 455 2798 revisitationem
479 2733 658 2797 faciendam
687 2749 742 2812 per
762 2733 888 2814 juratos
912 2733 999 2814 opidi
1022 2731 1233 2797 Lovaniensis
1259 2730 1293 2794 in

198 2832 364 2912 presentia
391 2833 618 2914 magistrorum
646 2831 877 2906 Hulvermilen,
902 2833 1008 2904 Buclt,
1031 2831 1097 2895 Van
1122 2829 1236 2894 Germe
1261 2839 1294 2894 et

200 2933 341 3005 bedelli;
358 2942 390 2997 et
411 2934 496 3012 quod
520 2931 648 2995 interim
664 2932 815 2996 dominus
838 2949 954 3014 regens
968 2942 1083 2996 exacte
1099 2929 1238 3012 inquirat
1252 2930 1293 2992 de

199 3031 382 3096 redditibus
403 3031 593 3095 exeuntibus
619 3048 658 3096 ex
681 3031 823 3111 predicta
847 3032 943 3095 domo
966 3030 1033 3094 sive
1057 3029 1167 3102 fundo,
1187 3045 1227 3092 an
1250 3028 1293 3093 sit

200 3129 282 3194 levis
298 3129 349 3193 vel
365 3128 472 3210 gravis
489 3139 627 3194 moneta.
645 3155 659 3183 ι
678 3132 771 3208 Auru,
790 3129 854 3202 vll,
873 3131 929 3194 l'ol.
946 3129 1006 3192 lat
1022 3128 1130 3192 vetas
1146 3140 1186 3190 r0.

242 3281 298 3343 ilie
311 3279 442 3354 sabbati,
455 3280 564 3344 culmo
571 3283 655 3362 junii
667 3280 760 3356 1543,
776 3282 854 3345 bora
866 3281 977 3362 quinta
992 3296 1010 3343 a
1024 3279 1158 3360 prandio
1174 3293 1291 3342 convo·

197 3379 259 3441 cati
276 3396 334 3459 per
350 3395 400 3442 me
416 3390 666 3459 comparuerunt
685 3381 717 3442 in
735 3381 832 3444 rubea
850 3395 975 3444 camera
993 3379 1115 3443 domini
1131 3377 1289 3449 decanus,

198 3487 349 3558 receptor
364 3479 535 3554 facultatis,
555 3490 781 3558 procuratores
809 3479 973 3543 nationum
998 3477 1178 3552 Brabuntie,
1197 3475 1291 3538 Flan-

198 3577 269 3640 drie
283 3586 316 3641 et
331 3575 512 3653 Hollandie,
527 3589 675 3658 regentes
688 3579 950 3659 pedagogiorum,
960 3578 1145 3640 Tilmannus
1161 3575 1287 3650 Clerici,

196 3676 364 3740 Aruoldus
375 3675 441 3738 Van
457 3677 516 3741 der
533 3675 761 3752 Halvermileu,
783 3678 946 3758 Philippus
963 3677 1062 3750 Buclr,
1079 3675 1232 3740 Nicolaus
1248 3674 1289 3738 de

196 3773 324 3847 Castro,
340 3774 519 3839 Ludovicus
532 3775 598 3840 Van
611 3776 737 3850 Germe,
750 3776 765 3837 J
770 3775 892 3840 udocus
906 3777 945 3839 de
960 3775 1074 3847 Tileto,
1089 3773 1290 3838 Tbecdricus

198 3873 366 3948 Pelmans;
384 3889 492 3937 coram
508 3874 625 3954 quibus
641 3875 792 3938 dominus
815 3891 931 3955 regens
951 3874 1099 3938 Falconis
1114 3870 1288 3936 declaravit

195 3981 336 4036 mentem
363 3987 454 4035 suam
478 3981 574 4052 prout
595 3971 676 4036 alias
697 3973 749 4038 die
767 3973 852 4052 jovis
870 3971 963 4053 xxviij
983 3971 1129 4054 ejusdem
1153 3969 1287 4042 mensis,

196 4071 347 4136 similiter
377 4071 535 4136 exbibens
571 4071 768 4154 inscriptis
799 4073 1051 4137 revisitationcm
1083 4071 1198 4136 factam
1232 4085 1291 4150 per·

194 4169 323 4250 juratos
345 4167 433 4252 opidi
454 4169 675 4246 hommensis,
692 4181 851 4236 eteorum
867 4171 1059 4236 sententiam
1075 4170 1106 4234 iu
1124 4167 1286 4250 presentia
