3158 4952
679 513 863 574 -303-

218 690 366 757 aedilicia
383 689 618 772 disciplinaque
635 691 826 772 inciperent,
846 709 884 756 ne
900 689 1132 756 florentissimo
1149 689 1210 754 boc
1224 685 1314 770 gym‘-

220 789 313 855 nasio
340 789 511 854 Academia
538 789 781 866 destitueretur,
802 808 840 856 ex
862 807 926 872 quo
952 798 998 854 tot
1024 790 1168 853 illustres
1195 788 1313 868 pietate

219 889 433 970 doctrinaque
461 889 520 952 viri
552 889 752 971 prodierant,
784 891 937 954 ,llartinus
967 889 1155 969 llytbovius,
1189 887 1312 967 primus

219 987 365 1071 lprensis
391 987 539 1063 antistes,
567 998 598 1054 et
622 989 764 1054 loannes
791 989 1001 1061 Vendvillius,
1026 987 1109 1068 juris
1141 985 1310 1066 utriusque

221 1086 349 1163 doctor,
376 1093 454 1151 tunc
481 1087 547 1168 regi
576 1088 735 1152 catbolico
761 1105 777 1150 a
805 1087 1038 1153 secretioribus
1065 1084 1225 1157 consiliis,
1240 1083 1313 1148 dein

220 1185 473 1250 dorcacensium
490 1186 675 1265 episcopus,
693 1187 893 1268 gymnasium
918 1188 980 1250 boc
996 1185 1222 1256 deformatum,
1242 1199 1313 1261 par·

222 1283 277 1346 tim
294 1283 365 1346 suis
378 1283 495 1364 opibus
507 1295 601 1365 atque
618 1285 843 1366 eleemosynis,
860 1285 973 1364 partim
991 1284 1127 1347 aliorum
1144 1280 1311 1352 subsidiis,

221 1399 333 1445 acasu
357 1393 454 1462 atque
477 1383 605 1446 interitu
623 1383 838 1458 vindicarunt,
857 1393 1022 1464 totumque
1040 1399 1120 1463 pene
1135 1381 1313 1460 collapsum

223 1489 457 1545 restaurarunt.
1049 1529 1051 1532 -
1298 1493 1301 1501 “

265 1579 357 1655 lnde,
374 1597 446 1644 curn
464 1580 644 1644 veneranda
667 1581 782 1644 artium
805 1581 952 1654 incultas,
970 1580 1061 1660 cujus
1079 1579 1141 1643 boc
1158 1577 1315 1658 paedago-

223 1679 311 1759 gium
329 1688 409 1754 erat,
428 1679 545 1743 rectori
571 1680 624 1742 uni
648 1697 705 1744 seu
729 1681 991 1762 gymnasiarcbae
1014 1679 1092 1742 illud
1109 1677 1314 1748 elocavlsset,

224 1778 954 1858 vererenturuucnonnulline,collabescente
971 1775 1313 1860 paulatimdiscipliua,

225 1878 362 1960 exiguus
377 1887 431 1941 aut
455 1877 561 1941 nullus
585 1879 615 1940 in
640 1879 868 1959 rempublicam
886 1880 1008 1941 iructus
1025 1876 1231 1947 redundaret,
1249 1884 1316 1936 tan-

224 1977 297 2042 dem
314 1977 355 2040 30
367 1977 437 2058 julii
454 1977 532 2040 lber
557 1987 703 2042 emerunt
725 1979 926 2059 gymnasium
944 1979 1005 2041 boc
1022 1977 1179 2055 imprimis
1198 1973 1315 2039 nobilis

225 2075 273 2139 m‘r
288 2073 423 2140 Carolus
439 2077 479 2141 de
494 2075 696 2158 Zillebecquc
717 2077 823 2141 dictus
846 2077 987 2147 Takoen,
1012 2074 1066 2156 qui
1091 2085 1195 2138 tamen
1220 2075 1314 2152 paulo

226 2182 298 2255 post
310 2175 384 2255 iure
401 2192 461 2239 suu
477 2192 550 2240 sese
565 2174 735 2252 abdicavit,
751 2185 817 2240 tum
841 2175 1041 2239 clarissimus
1057 2173 1207 2238 dominus
1222 2172 1314 2236 Nico-

225 2275 294 2337 taus
323 2273 471 2346 Zodsius,
497 2271 763 2354 jurisconsultus,
793 2274 950 2338 ecclcsiae
977 2272 1170 2336 cathedralis
1196 2275 1316 2335 Torna-

227 2373 336 2437 ccnsis
352 2373 528 2436 cartonicus
544 2382 576 2436 ct
592 2372 750 2448 obiciatis,
768 2390 806 2437 ac
823 2382 933 2452 postca
949 2370 1216 2453 Sylvaeducensis
1230 2369 1316 2448 epis-

227 2488 342 2551 copus.
364 2471 461 2535 lidem
479 2472 679 2551 gyurrtasium
700 2489 785 2536 anno
801 2471 893 2558 1601,
918 2471 954 2534 lt
969 2470 1120 2550 ianuarii,
1138 2468 1199 2532 sub
1217 2467 1315 2532 certis

227 2569 469 2634 conditionibus
484 2571 730 2642 transtulerunt,
745 2571 794 2634 vel
813 2571 893 2633 torte
908 2570 1058 2632 Nicotaus
1074 2567 1208 2634 ansius
1225 2568 1316 2630 solus

228 2668 437 2744 transtulit,in
450 2667 600 2732 dominos
614 2669 799 2749 provisores
808 2669 951 2749 ejusdem
966 2667 1169 2748 paedagogii;
1184 2667 1236 2746 qui
1250 2675 1316 2730 tres

227 2776 314 2840 sunt,
338 2783 514 2847 eorumque
535 2767 600 2831 duo
626 2767 773 2831 altiorum
802 2767 926 2831 scilicet
949 2767 1131 2830 tacultatum
1154 2773 1186 2828 et
1201 2765 1316 2828 tertius

226 2883 265 2931 cx
281 2866 431 2930 facultate
442 2865 558 2929 artium
568 2889 576 2939 ;
587 2865 744 2929 moriente
756 2867 805 2930 vel
819 2867 1007 2930 discedente
1021 2881 1083 2928 uno
1098 2864 1313 2943 provisorum,

226 2964 291 3030 duo
305 2972 464 3028 restantes
472 2963 594 3044 eligunt
606 2964 733 3028 tertium
747 2964 785 3028 ad
801 2963 1147 3028 recommendationem
1159 2961 1312 3043 regentis.

226 3063 329 3144 litque
342 3063 382 3126 ita
397 3063 532 3143 pristino
548 3063 713 3142 splendori
727 3064 895 3128 restitutus
908 3074 957 3126 est
969 3063 1074 3136 Falco,
1086 3072 1118 3125 ut
1134 3071 1315 3126 ceterorum

225 3162 466 3243 gymnasiorum
494 3161 571 3225 nulli
597 3172 652 3225 aut
673 3161 843 3242 disciplina
865 3172 919 3226 aut
943 3162 1161 3226 studiosorum
1182 3177 1315 3224 numero

227 3261 294 3324 lere
310 3261 414 3333 cedat,
433 3261 529 3340 inque
545 3277 596 3334 eo,
621 3260 742 3324 clausis
766 3276 851 3324 atauo
874 3259 954 3323 teau
970 3259 1194 3324 humaniorum
1212 3250 1334 3322 litera-'

227 3375 297 3424 rum
313 3359 447 3432 scbolis,
467 3370 597 3440 tumque
621 3359 776 3424 burseriis
800 3359 895 3440 nujus
910 3359 1080 3440 gymnasii,
1097 3375 1209 3422 sacrae
1225 3358 1315 3422 tbco·

230 3456 345 3538 legiae,
359 3457 443 3538 juris
466 3467 498 3522 et
521 3457 698 3522 medicinae
719 3459 887 3534 studiosis,
905 3458 1095 3538 praebendis
1122 3474 1180 3522 seu
1207 3456 1316 3521 bursis

229 3555 299 3620 suis
315 3557 388 3619 alibi
411 3560 553 3637 gaudere
568 3557 759 3628 valentibus,
777 3558 816 3620 ab
833 3558 894 3621 boc
910 3573 994 3621 anno
1010 3557 1071 3622 soli
1088 3556 1196 3620 studio
1213 3556 1316 3637 pbilo-

228 3654 365 3734 sopbico
381 3655 575 3718 destinatum
593 3655 779 3736 permansit.

269 3753 417 3818 Accessit
432 3753 536 3818 eidem
553 3754 750 3834 paedagogio
774 3771 850 3818 cura
874 3764 1080 3818 executurum
1097 3754 1213 3818 dumus
1229 3768 1315 3817 mor-

228 3851 351 3915 tuariae
366 3851 488 3915 claudii
502 3851 640 3928 busson,
654 3868 766 3916 sacrae
781 3852 963 3933 theologiae
979 3852 1130 3917 licentiati
1146 3861 1177 3917 et
1194 3852 1317 3933 proles-

230 3949 326 4025 soris,
351 3949 494 4014 defuncti
516 3949 537 4012 b
552 3949 745 4031 septembris
761 3950 853 4026 1634,
868 3961 899 4016 et
914 3950 1034 4015 domini
1050 3949 1181 4014 loannis
1198 3950 1315 4024 Bancx,

230 4048 261 4110 in
278 4049 421 4130 regentia
437 4049 651 4125 successoris,
668 4049 823 4114 sacellum
845 4049 1049 4131 splendidum
1074 4051 1217 4130 turrique
1239 4066 1317 4114 con·

230 4147 390 4228 spicuam,
420 4155 454 4211 ut
478 4163 590 4211 verum
616 4147 664 4212 vel
692 4147 766 4212 inde
789 4147 854 4229 iam
880 4149 923 4214 sit
948 4148 1031 4212 istud
1052 4171 1058 4211 :
1077 4147 1203 4212 Vonrrr
1225 4165 1318 4212 surra

228 4263 318 4309 orrum
335 4245 444 4309 Fauen.
474 4245 551 4309 bein
568 4246 713 4312 subsidio
732 4247 898 4312 reverendi
921 4257 952 4312 et
968 4248 1179 4312 eruditissimi
1195 4247 1317 4312 domini
