3284 4956
911 380 1073 446 ..92-

446 573 514 628 tros
528 563 683 628 loannem
706 563 900 634 Glammans.
921 563 1087 644 utriusque
1105 561 1189 643 juris
1210 561 1419 636 licentiatum
1439 562 1536 642 deca-

446 679 538 738 num;
555 661 728 726 adrianum
751 661 791 726 de
812 660 991 738 Barlandia,
1012 669 1212 741 receptorem
1236 677 1294 742 pro
1317 677 1405 724 nunc
1428 660 1535 724 dictae

447 759 625 833 lacultatis;
642 759 795 824 loannem
814 759 930 823 Heerns
946 758 986 823 de
1002 758 1212 833 armenteria,
1230 765 1263 824 et
1286 758 1420 822 Paulum
1437 757 1534 822 llool-

446 858 541 933 sium‚
552 857 729 923 medicinae
742 857 908 932 doctores;
924 865 956 921 et
967 855 1152 938 magistrum
1165 855 1386 920 Tielmannum
1399 855 1532 926 Clerici,

445 973 557 1021 sacrae
584 953 764 1036 theologiae
787 954 995 1030 licentiarum,
1013 953 1248 1034 praesidentem
1271 953 1399 1034 collegii
1424 954 1534 1034 ponti·

446 1057 527 1126 ficis.
545 1055 583 1118 ad
600 1055 640 1118 de
666 1055 728 1118 boc
745 1053 872 1134 negotio
892 1053 1064 1133 specialius
1087 1051 1324 1133 inquirendum,
1342 1067 1380 1115 ac
1396 1052 1534 1116 investi-

445 1153 583 1234 gandum
607 1154 646 1218 do
671 1153 766 1217 modo
782 1151 963 1216 facultatem
979 1152 1011 1214 in
1030 1151 1098 1216 suis
1111 1149 1237 1230 juribus
1253 1149 1422 1224 servandi;
1441 1151 1534 1230 cogi-

446 1253 575 1322 tandum
592 1253 684 1318 etiam
708 1267 780 1315 oum
803 1249 941 1314 dominis
962 1249 1184 1330 provisoribus
1206 1257 1236 1313 et
1259 1248 1535 1328 gubernatoribus

445 1351 520 1416 dicti
536 1350 663 1430 collegii
675 1349 857 1413 standonck
870 1348 910 1412 dc
921 1348 1015 1411 dictis
1031 1347 1171 1426 regentia
1184 1355 1215 1410 ot
1227 1345 1417 1427 pedagogio;
1433 1363 1534 1428 super

446 1451 542 1518 tnodo
558 1449 694 1514 faciendi
712 1447 969 1528 procedendique
987 1445 1288 1512 communicandum
1310 1453 1342 1510 et
1357 1445 1533 1532 conseren-

445 1550 538 1620 dum;
558 1565 597 1613 ne
617 1548 751 1612 facultas
766 1547 828 1610 ista
844 1555 876 1610 et
891 1545 1074 1626 hujusmodi
1095 1544 1224 1610 silentio
1240 1545 1454 1624 praeteriens
1473 1562 1534 1610 suo

445 1659 589 1726 tempore
605 1663 640 1710 se
657 1643 758 1726 magis
774 1654 805 1708 et
821 1643 921 1724 magis
936 1651 1096 1724 gravatam
1113 1644 1267 1708 sentiat.»
1287 1642 1355 1718 llll,
1371 1643 1427 1708 sol.
1447 1643 1490 1706 23
1506 1656 1533 1705 r0

444 1753 477 1810 el
494 1757 538 1806 νῦ.

489 1843 593 1906 Tertia
615 1842 718 1903 martii
743 1839 836 1902 1536.
868 1869 881 1898 ο
909 1840 1078 1920 proposuit
1103 1839 1253 1902 dominus
1280 1839 1422 1904 decanus
1451 1839 1532 1920 ipsis

445 1938 676 2004 commissoriis
699 1937 939 2002 conclusionem
965 1937 1123 2001 facultatis
1144 1937 1198 2002 die
1217 1937 1383 2000 undecima
1407 1939 1532 2002 mensis
1620 2015 1621 2018 Ἴ

446 2037 595 2102 februarii
619 2037 729 2102 ultinto
751 2045 874 2117 captam
890 2037 993 2117 quoad
1017 2037 1245 2116 paedagogium
1262 2036 1355 2100 Porci
1372 2053 1410 2100 ac
1433 2037 1532 2102 uuile-

445 2137 531 2216 giurn
558 2135 752 2212 Standonck,
782 2135 973 2199 mentionem
1003 2135 1097 2200 etiam
1124 2135 1269 2200 iaciendo
1295 2135 1335 2199 de
1364 2135 1534 2200 dimidiato
1620 2187 1621 2216 p

446 2235 560 2314 rydero
583 2250 689 2298 annuo
717 2250 772 2314 per
794 2233 1010 2298 venerabilem
1033 2233 1195 2314 quondam
1220 2233 1322 2297 virum
1342 2233 1534 2314 magistrum

445 2333 599 2396 loannem
627 2331 780 2412 wycam,
808 2333 886 2396 alias
912 2333 952 2396 de
978 2332 1093 2407 fleret,
1110 2332 1186 2396 dicti
1210 2332 1397 2414 paedagogii
1423 2331 1532 2403 Porci,

445 2429 521 2494 dum
537 2430 669 2498 viveret.
687 2439 861 2510 regentem,
877 2431 909 2492 in
922 2447 981 2494 suo
998 2439 1187 2495 testamento
1203 2430 1322 2494 sacello
1338 2430 1532 2494 clericorum

446 2527 478 2590 in
495 2528 633 2592 lovanio
650 2527 762 2592 relicto
777 2543 815 2590 ac
831 2528 949 2608 legato,
961 2527 1024 2607 jam
1042 2538 1146 2592 tamon
1162 2528 1282 2608 aliquot
1293 2529 1386 2592 annis
1399 2523 1533 2592 mininie

446 2627 604 2699 exsoluto,
623 2643 739 2707 rogans
756 2643 793 2690 ex
811 2626 963 2700 dominis,
980 2627 1055 2706 quid
1072 2626 1104 2688 in
1120 2627 1182 2690 boc
1198 2627 1328 2707 negotio
1344 2644 1403 2706 pro
1420 2627 1532 2708 hujus·

448 2723 531 2786 rnodi
548 2723 767 2788 conclusionis
783 2724 972 2787 executione
987 2723 1143 2803 expediat.
1160 2724 1284 2788 Domini
1300 2725 1531 2796 commissarii,

374 2877 379 2886 .
446 2819 674 2885 deliberatione
690 2821 828 2901 praeuia,
843 2821 1031 2884 ordinarunt
1048 2820 1151 2900 primo
1167 2831 1198 2884 et
1213 2831 1286 2885 ante
1301 2821 1410 2885 omnia
1427 2823 1532 2886 iuves-

445 2918 608 2998 ligandum
624 2935 681 2998 per
700 2919 871 3004 magistros
888 2919 1072 2998 provisores
1088 2919 1162 2982 dicti
1180 2921 1288 2983 sacelli
1305 2927 1337 2983 et
1354 2937 1404 2984 me
1421 2923 1530 2986 bedel-

445 3017 510 3080 lum
537 3019 574 3094 (l)
598 3017 630 3080 in
652 3017 782 3080 urrlrivo
808 3017 916 3080 sacelli
945 3033 981 3079 ac
1007 3017 1081 3079 alibi
1108 3017 1148 3080 de
1170 3017 1256 3081 dicto
1281 3019 1409 3098 legato;
1434 3021 1528 3083 etiarn

446 3113 669 3194 inquirendum
691 3115 731 3178 de
754 3113 951 3194 paedagogio
967 3114 1072 3188 Porci,
1092 3116 1254 3194 quotnodo
1278 3117 1468 3180 translatum
1492 3119 1531 3180 sit

445 3229 482 3276 ao
498 3215 535 3276 atl
553 3213 642 3292 ipsos
657 3213 883 3284 standonieos.
899 3215 940 3276 uti
955 3215 1176 3294 praetendunt,
1192 3213 1389 3287 devolutum,
1404 3215 1432 3277 si
1450 3216 1531 3277 lnrte

445 3309 549 3390 aliqua
562 3311 773 3374 iustrumenta
787 3313 834 3376 vel
848 3313 966 3392 scripta
979 3329 1036 3391 pro
1049 3314 1199 3376 lacultate
1212 3313 1345 3392 reperiri
1361 3324 1526 3393 possenna

445 3407 510 3482 vlt,
531 3408 584 3471 iol.
602 3408 641 3470 94
658 3421 686 3470 r⁰
702 3418 732 3473 et
747 3417 790 3472 νο.

487 3569 553 3632 Vll.
572 3571 714 3634 nacturus
740 3589 776 3634 na
801 3571 952 3645 lindenau,
981 3590 1018 3636 ex
1048 3574 1175 3647 Bussut‚
1208 3590 1318 3638 sacrae
1349 3577 1530 3657 theologiae

446 3667 673 3733 baccalaureus
686 3670 852 3744 formatus,
870 3671 1027 3733 successit
1043 3671 1186 3735 servatio
1201 3673 1410 3752 lleynsbercb
1424 3675 1464 3737 bd
1476 3693 1528 3739 or-

447 3765 548 3829 tobris
564 3767 654 3829 latu.
680 3767 793 3832 Postea
818 3784 929 3832 sacrae
957 3769 1136 3850 theologiae
1164 3770 1358 3844 licentiatus,
1387 3773 1528 3853 resignat

446 3865 620 3944 regentiam
638 3867 668 3928 iu
687 3867 825 3930 savorem
843 3867 1006 3946 sequentis
1023 3867 1061 3930 lo
1077 3867 1219 3932 octobris
1235 3869 1326 3930 1555.

481 4091 520 4162 (l)
542 4091 639 4146 C’etait
653 4091 677 4146 lc
691 4091 789 4146 budeau
804 4094 848 4162 qui
869 4093 934 4148 erait
953 4095 1047 4165 rbrrgd
1068 4094 1099 4152 de
1117 4095 1140 4152 la
1154 4095 1289 4154 reductiora
1303 4095 1349 4152 des
1364 4101 1456 4170 proebe
1472 4117 1525 4156 ner-

446 4179 514 4236 baux
529 4181 576 4238 der
588 4187 694 4238 semaces
707 4182 739 4238 dc
753 4181 777 4237 la
792 4182 897 4239 inculte.
