3222 4950
698 465 881 531 -tss-

237 645 294 710 tuli
321 645 535 712 Tornraconsis
556 648 595 710 ad
623 648 815 713 falcultatem.
844 651 934 722 hara,
959 644 1026 720 Vll,
1053 645 1108 708 tol.
1132 645 1207 708 535*
1234 656 1266 706 r⁰
1295 655 1327 710 et

239 745 315 810 233*
332 755 372 808 1¹⁰.

280 877 308 938 7.
327 878 440 940 Petrus
463 895 481 939 a
505 877 641 955 Quercu,
663 879 757 959 rnlgo
787 878 853 940 Van
875 879 929 941 der
948 875 1077 957 Epchen,
1103 875 1271 956 presbyter
1294 883 1327 939 et

238 973 458 1054 ludimagister
481 975 511 1037 in
531 975 646 1040 Werda
669 977 773 1040 sancti
799 976 883 1040 Petri
905 976 993 1056 juxta
1018 975 1162 1056 hagiam,
1184 972 1327 1037 fundavit

237 1089 322 1137 anno
338 1074 419 1137 isto
436 1074 551 1139 bursas
566 1075 665 1146 daas;
685 1097 698 1134 a
718 1093 798 1156 quas
814 1077 1011 1146 conterebat.
1028 1075 1072 1138 ait
1089 1075 1220 1154 Paquot,
1239 1073 1327 1152 prior

237 1169 478 1238 Carmeiitarum
488 1173 577 1254 juxta
591 1175 723 1254 angiam
738 1197 766 1236 a.
782 1175 962 1249 Quaeritur,
974 1191 1014 1238 an
1026 1191 1088 1238 non
1102 1174 1144 1237 sit
1157 1172 1327 1252 legendum

235 1273 322 1350 prior
336 1273 508 1338 carthusiae
524 1274 597 1338 loco
608 1274 694 1353 prior
710 1274 969 1338 carmelitarum?

279 1403 309 1466 8.
327 1407 483 1470 Ammtdua
506 1407 543 1470 oh
570 1407 796 1488 floiuermplen,
824 1403 1025 1469 darselensis
1045 1403 1218 1483 majoratus
1245 1401 1325 1464 Bus-

236 1505 439 1582 coducensis,
459 1507 557 1572 multo
574 1518 718 1585 tempore
740 1509 780 1570 rte
806 1505 945 1570 concilio
963 1503 1122 1566 facultatis
1150 1500 1327 1577 arctamur

236 1603 355 1680 oppido
369 1604 558 1670 lovaniensi
573 1623 629 1685 per
640 1606 680 1668 36
695 1623 798 1669 annos
814 1622 831 1668 a
847 1605 997 1680 secretis,
1011 1603 1170 1684 qnondam
1191 1600 1327 1664 maritus
1413 1631 1415 1638 ν

236 1699 424 1768 domicellae
447 1703 635 1768 catharinae
658 1704 747 1784 Kips,
773 1704 916 1767 fundarit
939 1713 1005 1767 tres
1032 1702 1159 1774 bursas,
1181 1698 1326 1778 singalas

236 1800 365 1879 triginta
393 1802 600 1867 iloronornm.
618 1802 704 1867 Obiit
730 1802 769 1864 27
792 1802 974 1866 decembris
997 1801 1099 1872 latim
1128 1799 1275 1879 sepultus
1293 1798 1324 1860 in

234 1897 299 1960 divi
318 1897 502 1974 Patricole
519 1917 604 1964 aram
623 1902 696 1965 huic
712 1912 824 1965 sancto
841 1917 977 1973 suoram,
993 1899 1053 1964 snb
1070 1899 1175 1978 lapide
1192 1899 1323 1978 insigni,

235 1997 300 2070 rel,
320 2009 353 2061 at
375 2001 418 2062 ait
435 2000 579 2065 Valerius
596 2001 740 2065 Andreas
765 2001 795 2063 in
812 2002 917 2064 Fastis
941 2000 1001 2076 (ed.
1021 1998 1059 2074 11,
1078 2017 1106 2078 p.
1125 1995 1208 2077 aba),
1232 1996 1327 2062 asub

236 2095 353 2176 insigni
370 2101 570 2180 sarcophago
590 2122 617 2161 n.

275 2227 304 2291 9.
323 2231 469 2294 Nicotaus
497 2232 775 2305 coaceruatim
807 2231 849 2294 lle
876 2233 947 2304 lior,
976 2231 1202 2302 CortracenuS,
1231 2243 1323 2307 pres

236 2327 338 2408 byter,
370 2331 541 2395 defunctus
568 2331 696 2396 Lorarii
720 2331 758 2394 hl
783 2329 933 2394 februarii
957 2329 1049 2404 1554,
1071 2329 1199 2410 reliquit
1230 2328 1324 2408 quin-

233 2426 335 2490 decim
363 2427 505 2494 florenos
532 2447 668 2504 annuos,
697 2447 779 2512 quos
806 2431 993 2495 conterebat
1019 2445 1135 2510 rogans
1159 2425 1319 2499 Falconis,

233 2525 349 2589 uhlibi
374 2526 456 2608 lego,
474 2528 518 2593 ait
535 2529 666 2610 Paquot,
685 2531 790 2609 ipsum
815 2529 967 2593 fundasse
989 2529 1118 2592 barsam
1142 2525 1322 2590 octodecim

231 2631 354 2702 (postea
383 2625 504 2707 viginti)
540 2626 749 2702 florenorum,
781 2629 918 2691 dandam
960 2627 1140 2707 theologiae
1175 2624 1322 2688 studioso

227 2721 277 2784 sui
304 2725 490 2804 sanguinis;
517 2743 612 2807 qoam
628 2727 754 2791 conteri
771 2728 925 2807 plebanus
941 2727 1006 2791 divi
1025 2727 1120 2789 Petri.
1142 2749 1155 2784 u

270 2852 319 2916 ill.
340 2855 543 2919 Theodericus
558 2859 685 2932 Hosius,
710 2858 817 2922 dietus
840 2859 935 2922 etiam
953 2859 1155 2922 Theudoricus
1170 2857 1318 2928 Adriani,

229 2967 267 3014 ex
284 2951 384 3018 lieeze
400 2955 574 3036 majoratus
590 2957 862 3033 Buscodnoensis,
880 2975 992 3022 sacrae
1013 2955 1194 3038 theologiae
1219 2957 1318 3020 ticen-

230 3050 338 3126 tiatus,
365 3053 506 3120 adriano
535 3065 639 3130 sexto,
671 3055 813 3136 pontifici
853 3057 1002 3133 maximo,
1039 3073 1057 3120 a
1088 3054 1318 3121 secretioribus

230 3150 388 3228 epistolis,
406 3162 438 3216 et
454 3155 648 3218 cathedralis
674 3155 860 3218 leodiensis
884 3157 1074 3229 canonicus,
1091 3155 1139 3217 vir
1159 3154 1316 3228 literatus,

230 3245 313 3324 pius,
333 3249 511 3326 modestus,
528 3267 545 3315 a
562 3253 648 3317 dicto
667 3253 817 3332 pontitice
837 3254 875 3316 ad
895 3271 1066 3334 purpuram
1086 3252 1317 3317 cardinalitiam

227 3344 423 3424 destinatum
441 3367 546 3432 eoque
561 3363 699 3425 mortno,
719 3352 872 3417 beodium
890 3369 1052 3428 reversus,
1072 3353 1201 3426 trustra,
1219 3353 1316 3417 etiam

228 3445 337 3510 missis
360 3449 463 3528 equis,
481 3467 498 3512 a
515 3449 678 3515 Clemente
693 3451 746 3514 Vll
775 3451 814 3516 ad
830 3453 955 3533 amplos
979 3453 1120 3516 honores
1147 3461 1317 3516 revocatus

227 3543 259 3605 in
276 3543 405 3623 Urbem,
422 3548 572 3630 denique,
592 3561 626 3614 nt
641 3549 837 3630 epitaphium
853 3551 923 3633 ejus
939 3559 1033 3616 sonat
1049 3572 1057 3612 :

414 3695 466 3758 Qui
480 3715 543 3752 cum
557 3715 673 3768 magnus
685 3705 754 3766 orat,
771 3703 912 3772 majorque
924 3701 1038 3754 eradere
1052 3705 1153 3772 posset,

453 3789 567 3844 Cunctis
581 3789 755 3862 posthabitis,
771 3791 870 3845 meluit
882 3809 942 3846 esse
957 3793 1056 3847 latens.

266 3924 351 3988 Obiit
378 3926 417 3989 ro
446 3928 518 4008 maji
546 3927 637 3991 1555.
666 3928 823 3994 Fundavit
849 3931 881 3994 in
909 3931 1096 4014 paedagogii
1122 3927 1313 3995 Falconensi

226 4021 339 4089 bursas
361 4026 441 4090 duas
458 4027 568 4108 viginti
591 4029 733 4110 quinque
748 4028 965 4104 florenorum
994 4031 1033 4094 ad
1055 4047 1136 4112 qaas
1158 4037 1315 4094 vocantur

226 4125 469 4206 consanguinei,
487 4127 603 4191 deinde
618 4127 821 4192 conterranei
837 4145 876 4192 ex
894 4128 1006 4203 lleeza,
1024 4129 1156 4207 Laerrdt,
1173 4127 1315 4208 Geldrop

228 4227 260 4284 et
287 4220 409 4288 llierlo.
440 4225 565 4291 videsis
595 4226 678 4290 vitae
703 4225 893 4291 Theoderici
922 4227 1008 4292 liezii
1035 4228 1312 4294 adumbrationem
