3252 4954
725 441 909 503 -lttl-

273 629 429 694 tatorem;
454 621 507 701 qui
523 621 673 686 electioni
697 621 838 702 magistri
855 622 985 704 collegii
1012 633 1043 686 et
1059 638 1234 703 pauperum
1262 623 1362 702 patris

275 717 456 784 secundum
481 727 674 784 statutorum
700 720 815 784 domus
842 721 976 784 formam
1001 720 1217 801 praesidebit;
1241 721 1361 802 quique

276 817 375 882 totius
397 817 513 882 domus
535 818 681 883 visitator
704 819 786 884 toret
809 836 846 884 ae
869 829 1045 896 corrector,
1063 829 1094 884 et
1117 819 1305 899 praesertim
1329 821 1362 884 in

275 919 338 993 luis,
356 933 437 999 quae
463 918 641 998 regularem
657 935 790 983 suorum
813 928 1006 984 statutorum
1022 919 1261 983 observantiam
1285 934 1362 982 cou-

272 1027 412 1082 cernunt
440 1029 471 1082 et
500 1017 709 1081 donationum
741 1019 849 1083 domui
881 1021 1036 1083 t'actarum
1064 1018 1224 1098 regimem
1256 1018 1299 1081 ita
1326 1027 1363 1081 ut

276 1116 457 1182 auctoritati
484 1117 609 1191 solitae,
641 1117 814 1181 visitationi
844 1129 874 1182 et
907 1117 1139 1196 superornati,
1168 1131 1262 1198 quarn
1299 1115 1361 1180 sihi

274 1215 449 1296 capitulum
466 1215 607 1288 retinuit,
627 1229 689 1279 nou
706 1215 852 1296 deroget.

317 1315 362 1378 Ex
378 1333 441 1396 quo
467 1314 607 1396 capitulo
623 1315 661 1378 ad
690 1315 868 1395 praedictas
890 1316 1006 1380 domus
1031 1331 1207 1396 pauperum
1232 1314 1263 1376 in
1292 1314 1361 1378 suis

278 1415 453 1496 privilegiis
469 1415 647 1481 tuitionem.
662 1415 945 1490 manutentionem,
959 1415 1171 1480 concessione
1184 1414 1361 1494 apostolica

276 1514 404 1578 adhoc
430 1513 491 1578 sllri
519 1513 611 1586 lacta,
637 1514 765 1578 nomine
787 1515 993 1595 dignitatum,
1018 1515 1168 1578 dominos
1190 1513 1359 1588 decanum,
1444 1552 1447 1562 2

275 1613 501 1679 cancellarium
532 1624 563 1679 et
598 1614 866 1694 poenitentiarum
896 1615 928 1677 in
966 1623 1213 1680 conservatores
1253 1612 1360 1693 elegit.

277 1713 500 1778 Nominatione
525 1725 603 1777 vero
628 1723 659 1778 et
685 1713 893 1793 deputatione
919 1714 996 1778 dicti
1023 1713 1191 1786 delatoris
1216 1722 1268 1775 aut
1291 1711 1361 1790 ipse

278 1812 555 1894 poenitentiarius,
573 1813 718 1892 ipsorum
735 1829 912 1893 pauperum
927 1813 987 1876 sibi
1006 1829 1062 1892 per
1076 1813 1217 1892 priorem
1232 1811 1361 1874 carthu-

278 1912 345 1976 siae
372 1920 648 1992 praesentaturum
674 1911 850 1982 institutor.
875 1927 953 1976 vero
979 1912 1049 1992 ipse
1077 1911 1165 1992 prior
1190 1912 1238 1988 ll),
1267 1909 1360 1973 etiam

277 2011 367 2090 ipsas
392 2027 568 2091 pauperum
594 2009 790 2074 studentium
820 2012 1047 2076 subordinatas
1075 2011 1191 2074 domus
1216 2008 1358 2079 visitare,

279 2123 317 2173 ao
343 2109 514 2189 magistros
536 2109 567 2171 in
585 2109 676 2190 ipsis,
700 2126 772 2175 cum
788 2126 871 2190 opus
894 2110 1000 2185 luerit,
1018 2109 1185 2174 instituere
1208 2119 1248 2171 ac
1263 2105 1361 2170 desti·

277 2216 381 2284 tuere,
399 2209 430 2270 in
452 2208 555 2289 capite
578 2219 610 2272 et
635 2209 667 2272 iu
694 2208 846 2272 membris
869 2209 940 2272 illas
966 2209 1152 2280 reformare,
1182 2222 1219 2269 ac
1244 2205 1358 2268 domos

278 2306 366 2386 ipsas
387 2306 592 2371 inhabitaturi
618 2307 650 2369 in
674 2308 820 2371 manibus
836 2308 905 2388 eJus
928 2308 978 2372 vel
1001 2306 1166 2371 commissi
1191 2313 1308 2369 statuta
1327 2311 1360 2367 et

273 2405 497 2470 ordinationes
523 2406 719 2487 hujusmodi,
747 2408 808 2473 sub
839 2423 941 2487 poena
966 2405 1134 2470 arbitraria
1164 2421 1221 2469 seu
1252 2402 1361 2483 expul-

273 2503 389 2578 sionis,
414 2505 563 2569 servandi
585 2505 764 2586 juramenta
790 2505 1009 2586 praestabunt,
1033 2503 1303 2584 quemadmodum
1328 2503 1361 2564 in

276 2604 444 2685 principali
460 2603 568 2680 domo,
586 2605 711 2669 scilicet
735 2606 873 2688 collegio
895 2603 1012 2669 Montis
1027 2603 1132 2676 Acuti,
1149 2603 1181 2666 in
1203 2617 1361 2683 pauperes

274 2703 376 2783 recipi
403 2703 549 2768 volentes
577 2704 608 2766 in
639 2704 793 2784 praedicti
824 2703 1060 2785 poenitentiarii
1086 2702 1135 2767 rel
1166 2701 1361 2766 institutoris

279 2802 428 2866 manibus
444 2813 608 2882 praestare
623 2813 762 2883 oportet.

318 2899 474 2982 Quodque
488 2901 637 2966 domibus
649 2902 729 2982 ipsis
746 2901 853 2965 nullus
869 2900 998 2980 practici
1016 2901 1119 2980 possit
1131 2899 1193 2964 nisi
1209 2900 1241 2962 in
1258 2899 1361 2979 philo·

279 2999 392 3081 sophia
408 3010 440 3064 et
455 3001 617 3082 theologia
632 3003 713 3066 adeo
729 3002 906 3065 instructus
921 3011 1020 3076 esset,
1038 3011 1070 3064 et
1091 3001 1175 3064 vitae
1190 3009 1221 3064 et
1238 3011 1362 3064 morum

278 3099 447 3163 honestate
466 3099 678 3179 compositus,
695 3100 779 3178 quod
803 3098 950 3179 exemplo
973 3107 1006 3164 et
1022 3098 1171 3162 doctrina
1199 3097 1362 3180 subjectos

276 3196 381 3262 valeat
397 3197 570 3270 instruere,
587 3206 744 3277 quatenus
767 3197 899 3275 insuper
921 3198 1000 3262 haec
1015 3195 1142 3261 vivendi
1165 3197 1300 3260 formula
1318 3195 1361 3260 sit

278 3296 363 3360 vitae
378 3296 519 3372 humilis,
538 3296 671 3377 frugalis
686 3305 717 3359 et
734 3295 942 3360 mortificatae
958 3296 1069 3361 schola
1096 3307 1128 3359 et
1143 3311 1253 3359 norma
1277 3295 1361 3359 sicut

277 3403 311 3460 et
325 3394 502 3458 doctrinae.
521 3394 676 3474 Quodque
691 3404 754 3458 tarn
771 3394 923 3476 magister
938 3411 1032 3475 quam
1048 3394 1174 3474 reliqui,
1190 3394 1256 3458 sive
1274 3394 1363 3458 tlteo·

280 3492 344 3572 logi
361 3492 429 3556 sive
441 3492 572 3556 artistae
584 3491 621 3571 (⁶2)
638 3509 805 3572 pauperes,
821 3492 963 3556 habitum
980 3493 1133 3556 humilem
1148 3502 1180 3555 et
1192 3491 1362 3572 abjectum,

279 3589 406 3654 scilicet
420 3599 527 3671 togam
550 3600 583 3656 et
597 3593 758 3671 caputium
782 3593 820 3656 ad
838 3592 970 3656 turmam
992 3591 1128 3666 tabardi,
1146 3600 1220 3654 ante
1240 3591 1363 3663 clausa,

277 3687 421 3770 desuper
436 3698 559 3770 gerant,
576 3689 807 3771 cujuscumque
823 3692 941 3771 gradus
964 3689 1013 3753 vel
1030 3689 1191 3770 qualitatis
1214 3689 1363 3763 existant,

280 3798 313 3853 et
329 3787 361 3850 in
378 3788 560 3869 hujusmodi
577 3788 738 3854 habitibus
754 3807 832 3854 suos
848 3800 938 3852 actus
953 3789 1183 3869 cuiuscumque
1205 3787 1365 3852 lacultatis

282 3887 315 3948 in
330 3885 556 3961 Universitate,
569 3888 640 3951 sine
651 3903 772 3968 cappae
787 3887 836 3952 vel
854 3887 982 3951 ltabitus
997 3887 1130 3952 alterius
1142 3886 1365 3968 requisitione,

280 3985 458 4050 celebrem.

320 4181 358 4254 (l)
378 4183 401 4236 ll
413 4202 431 4255 y
443 4201 461 4236 a
473 4182 656 4239 evidemment
668 4202 703 4240 en
715 4189 759 4240 cet
771 4185 878 4240 endroit
891 4185 939 4240 des
952 4202 1058 4240 erreurs
1072 4185 1106 4240 de
1119 4183 1327 4256 transcripticn.

319 4272 357 4345 (2)
377 4273 518 4342 Artistuq
532 4273 672 4330 studiants
685 4275 719 4330 de
733 4275 760 4330 la
772 4273 876 4330 ‘inculte'
889 4275 937 4331 des
950 4280 1016 4331 arte.
