3158 4952
646 459 832 534 ..363-

188 659 456 726 committendam
482 659 604 730 decano
631 666 663 724 et
685 658 847 740 deputatis
866 675 947 726 ‚cum
974 659 1208 727 commissariis
1231 663 1283 727 ad·

182 760 319 842 junctis,
351 759 406 840 qul
436 759 469 822 in
500 757 628 840 negotio
659 757 807 822 Falconis
836 758 1075 836 laboraverunt,
1106 763 1281 842 assumptis

189 857 285 923 etiam
312 857 505 938 quibusdam
531 857 615 928 aliis,
645 856 673 920 si
701 856 825 922 decano
853 857 1011 932 videatur,
1039 858 1092 939 qui
1119 861 1281 940 negotium

188 955 282 1021 linire
299 965 331 1021 et
346 955 520 1020 terminare
542 964 691 1034 poterunt
707 955 778 1020 sinc
795 955 940 1022 ulteriori
958 956 1113 1024 relatione
1128 958 1167 1022 ad
1184 959 1281 1024 facul·

186 1065 299 1121 tatem.
317 1055 409 1131 Aera,
429 1053 512 1130 Vlll,
531 1053 586 1119 fol.
605 1053 665 1116 alat
682 1066 723 1116 tr.

231 1236 289 1299 life
319 1237 440 1310 martis,
472 1235 551 1314 axiij
580 1233 712 1298 octobris
748 1233 846 1310 1565,
872 1235 988 1300 indicta
1025 1235 1082 1300 fuit
1119 1236 1281 1317 deputatio

187 1334 364 1409 facultatis,
380 1334 505 1400 vocatis
521 1332 754 1398 commissoriis
770 1334 938 1416 pedagogii
956 1335 1117 1410 Falconis,
1135 1335 1165 1398 in
1184 1336 1281 1402 rubea

183 1449 319 1499 mulera
343 1433 460 1499 domus
483 1433 654 1507 facultatis,
672 1432 710 1496 ad
736 1432 848 1496 horam
871 1449 987 1498 nouam
1012 1443 1085 1498 ante
1102 1434 1282 1509 meridiem,

183 1550 288 1615 super
306 1533 435 1614 negotio
447 1532 563 1598 domus
580 1532 747 1614 pedagogii
761 1532 920 1598 Falconis.
940 1533 977 1597 dt
992 1533 1281 1600 exdeliberationi-

185 1633 247 1697 bus
263 1632 472 1697 dominorum
488 1631 648 1696 conclusit
664 1631 806 1696 decanus
825 1648 831 1694 :
852 1631 1004 1700 Primum.
1021 1633 1127 1713 quoad
1151 1648 1282 1714 repara-

185 1731 309 1796 tionem
325 1729 547 1794 cubiculorum
564 1737 596 1793 et
611 1729 878 1793 restaurationem
894 1745 1041 1794 asserum
1062 1729 1093 1792 in
1109 1731 1233 1795 scholis
1248 1745 1281 1796 et

185 1827 404 1894 fenestrarum
417 1827 607 1910 lignearum,
624 1827 744 1891 domini
760 1827 895 1891 liberant
910 1827 1075 1891 dominum
1088 1827 1279 1904 blorelium3

186 1930 245 1994 sed
273 1929 306 1992 in
334 1928 485 1994 fenestris
511 1927 624 1992 vitreis
646 1927 834 2007 reparandis
861 1937 891 1992 et
917 1928 1032 1992 ablatis
1056 1929 1278 2002 restituendis,

179 2029 273 2110 iuxta
297 2028 403 2109 ipsius
418 2026 541 2091 llorelii
569 2025 829 2106 promissionem,
848 2026 953 2108 ipsum
979 2037 1114 2092 onerant
1137 2028 1176 2092 de
1193 2044 1282 2108 repa-

187 2126 371 2191 rationibus
388 2125 554 2189 vitrorum.
571 2124 603 2186 ln
620 2124 869 2204 precedentibus
882 2125 985 2205 ipsius
1002 2126 1179 2190 rationibus
1196 2142 1279 2191 com-

187 2226 307 2307 putatis
335 2225 503 2306 otacrum
530 2222 608 2286 nillil
634 2240 672 2288 ex
697 2239 736 2287 eo
763 2224 866 2303 capite
890 2225 1053 2299 restituat;
1082 2225 1152 2305 ipse
1176 2235 1279 2290 tamen

188 2324 343 2390 llorelius
360 2323 521 2404 relinquet
543 2322 575 2384 in
591 2321 662 2402 ejus
690 2339 934 2404 recompensam
951 2323 1091 2388 facultati
1119 2323 1280 2404 quoddam

185 2424 371 2488 studorium
386 2439 404 2486 a
420 2426 456 2486 se
472 2421 590 2485 factum
603 2420 692 2502 juxta
711 2431 853 2500 portam;
872 2423 955 2504 quod
974 2423 1033 2487 sibi
1058 2423 1183 2487 dicebat
1199 2439 1277 2488 con-

186 2523 313 2586 stitisse
326 2538 384 2585 sex
396 2519 590 2585 reatensibus
605 2529 637 2584 ct
653 2519 774 2600 aliquot
788 2519 931 2585 stuferis.
952 2521 1057 2584 Placet
1073 2522 1179 2596 etiam,
1194 2523 1278 2602 quod

190 2618 375 2700 pecuniaria
392 2633 490 2682 onera
506 2617 650 2682 omnium
673 2617 895 2682 cubiculorum
913 2620 1065 2682 tollantur
1088 2620 1283 2684 authoritate

187 2717 363 2792 facultatis,
378 2727 410 2781 et
425 2716 486 2796 ipsi
503 2715 634 2780 domiuo
652 2719 773 2797 regenti
791 2717 959 2782 ilictlrovio
976 2735 992 2781 a
1010 2720 1158 2783 facultate
1173 2719 1281 2782 omnia

191 2817 360 2884 tradantur
375 2816 476 2880 libera
492 2824 523 2880 el
539 2825 696 2896 reparata,
716 2826 808 2895 prout
825 2819 920 2882 etiam
937 2817 1061 2898 dejure
1077 2818 1177 2881 libera
1192 2827 1279 2882 suut.

191 2917 342 2981 Pretetea
365 2914 469 2978 solvet
492 2914 642 2978 dominus
665 2914 817 2978 llorelius
840 2925 913 2979 ante
928 2916 1047 2980 abitum
1072 2933 1178 2990 suum,
1192 2915 1281 2996 juxta

189 3033 280 3081 suam
308 3015 516 3088 oblationem,
542 3023 670 3078 centum
696 3014 924 3096 quinquaginta
950 3033 1104 3080 renenses
1121 3015 1233 3090 semel,
1252 3028 1283 3080 ct

191 3117 348 3196 reliquam
374 3129 630 3193 summamque
657 3113 717 3177 erit
744 3124 960 3180 trecentorum
989 3116 1116 3196 triginta
1143 3116 1281 3178 duorum

189 3314 276 3386 culo,
299 3311 405 3376 solvet
431 3309 463 3372 in
489 3309 617 3374 duobus
640 3310 785 3374 terminis
807 3312 967 3376 mediatim
986 3329 994 3374 ι
1012 3313 1161 3377 videlicet
1188 3328 1281 3376 unam

193 3411 399 3474 medietatem
421 3408 455 3470 in
481 3408 563 3472 festo
590 3408 763 3473 natiuitatis
783 3410 899 3474 Christi
916 3427 1000 3474 aratro
1024 3410 1084 3490 fxvj
1106 3411 1191 3490 stylo
1209 3410 1282 3473 Bra-

192 3509 517 3584 haudquadquam
543 3508 745 3572 medietatem
773 3509 803 3570 iu
827 3509 909 3573 festo
938 3509 1110 3574 nativitatis
1138 3509 1282 3590 ejusdem

194 3623 278 3674 auno
305 3607 466 3690 sequenti,
483 3607 572 3671 salvo
599 3607 684 3688 quod
708 3607 855 3672 idoneam
880 3609 1061 3674 cautionem
1092 3609 1231 3673 inveniat
1255 3618 1285 3672 et

194 3715 328 3789 prestet,
346 3706 374 3770 si
392 3713 509 3787 potest.
526 3707 615 3782 Quod
633 3706 742 3778 sinon
754 3695 877 3787 potest,
896 3710 1009 3772 saltem
1026 3717 1148 3789 prestet
1161 3707 1283 3788 jurato-

193 3807 285 3881 riam,
302 3805 476 3886 obligando
496 3822 532 3870 se
547 3814 579 3869 et
602 3821 660 3868 sua
684 3807 803 3880 omnia,
822 3809 982 3884 presentia
1005 3818 1036 3872 et
1059 3810 1174 3872 futura.
1194 3807 1284 3881 Quod

192 3907 305 3972 attinet
330 3905 517 3986 adpetitam
540 3905 764 3969 remissionem
788 3907 1017 3988 quinquaginta
1044 3907 1229 3972 renensium
1245 3922 1284 3970 ex

194 4007 338 4088 predicta
350 4019 487 4078 summa,
502 4004 622 4068 domiui
637 4019 705 4068 eam
718 4021 780 4068 uon
794 4016 988 4082 annuerunt,
1003 4017 1123 4072 attento
1137 4006 1284 4080 maxime,

194 4105 280 4187 quod
303 4120 381 4185 sepe
402 4101 534 4184 gratiam
557 4101 733 4166 obtinuerit
756 4103 849 4167 atritis
873 4105 1135 4184 precedentibus,
1156 4114 1187 4168 et
1203 4105 1288 4184 quott

197 4204 229 4266 in
255 4199 488 4283 suprascriptis
519 4201 703 4266 existiment
729 4201 849 4266 domini
882 4204 1033 4286 tuajorem
1063 4203 1197 4285 gratiam
1226 4203 1286 4282 ipsi

280 4339 320 4382 tr.
1166 4319 1206 4382 al
