3130 4956
749 442 932 505 -lctt-

340 623 496 698 Quantum
519 621 557 688 ad
572 621 763 700 secundum,
777 621 898 688 domini
912 627 1064 704 rogarunt
1080 618 1255 700 predictum
1271 618 1374 684 domi-

301 737 388 796 uum,
415 729 449 786 ut
474 720 504 785 id
532 721 640 786 oneris
664 738 719 802 per
742 721 871 788 modum
889 719 1083 802 provisionis
1098 719 1253 798 tantisper
1268 719 1373 784 susci-

301 825 401 898 peret,
419 819 522 886 donec
543 819 634 885 aliter
656 821 695 895 de
717 819 857 902 regentia
880 835 936 900 per
958 817 1137 884 facultatem
1156 817 1371 883 ordinaretur.

300 917 377 982 Cum
392 925 497 982 autem
513 917 675 999 predictus
690 917 831 984 decanus
846 934 920 984 sese
936 917 975 980 ab
991 917 1053 982 boc
1075 932 1172 981 onere
1194 923 1371 990 excusaret,

301 1025 446 1081 metuens
471 1017 611 1100 pericula
636 1027 668 1082 ot
692 1016 764 1082 lites
792 1017 872 1082 forto
896 1033 934 1082 ox
960 1017 1019 1082 bac
1044 1032 1079 1080 re
1105 1031 1160 1094 per
1185 1022 1374 1079 executores

300 1114 420 1180 domini
433 1115 666 1180 armentariam
681 1115 965 1190 movendas,adixit
979 1115 1008 1180 ei
1021 1113 1153 1178 facultas
1168 1112 1374 1192 securitatem

301 1222 333 1278 et
344 1213 383 1277 ad
396 1231 432 1278 se
443 1230 621 1279 recursum.
630 1213 859 1294 Deputavitque
871 1213 1003 1278 facultas
1016 1212 1200 1294 magistrum
1214 1219 1372 1286 nostrum,

301 1311 487 1394 magistrum
501 1311 627 1378 Petrum
640 1311 794 1389 Curtium,
804 1322 835 1380 et
848 1313 1030 1396 magistrum
1043 1311 1207 1376 Nicolaum
1220 1309 1260 1374 de
1272 1309 1375 1374 Leuce

300 1410 488 1482 afraxinis.
507 1427 598 1476 sacre
620 1412 780 1494 theologie
801 1413 1008 1488 licentiatum,
1025 1420 1057 1476 et
1072 1409 1257 1490 magistrum
1273 1407 1375 1472 ibeo-

300 1508 443 1574 doricom
475 1509 655 1585 beelmans,
686 1512 852 1592 utriusque
881 1511 963 1592 jnris
990 1509 1200 1584 licentiatom‚
1232 1503 1375 1587 predicte

300 1606 459 1672 facultatis
475 1609 651 1690 syndicum,
669 1611 722 1690 qui
739 1611 899 1691 magistris
912 1609 1121 1692 etjuvenibus
1134 1605 1267 1688 predicti
1281 1605 1375 1686 peda-

300 1707 398 1788 gogii,
414 1708 454 1772 ad
471 1709 596 1788 pulsum
612 1717 764 1790 campane
784 1709 931 1791 sequenti
946 1710 998 1774 die
1013 1706 1210 1782 conuocatis,
1227 1703 1375 1770 eumdem

301 1805 455 1870 decanum
471 1807 628 1872 facultatis
644 1809 833 1874 authoritate
846 1808 1005 1874 facultatis
1021 1807 1142 1872 eisdem
1159 1803 1376 1886 proficiamus

302 1903 405 1969 eidem
419 1904 450 1967 in
462 1905 611 1970 omnibus
624 1913 657 1970 ut
669 1907 789 1986 regenti
807 1915 948 1986 pareant,
959 1906 1097 1971 etalium
1110 1903 1267 1970 neminem
1280 1916 1375 1982 quam

301 2001 447 2164 ῗυιιηῗὲἑη
460 2003 614 2068 decanum
627 2004 785 2070 facultatis
798 2022 855 2086 pro
867 2013 996 2086 regente
1007 1997 1374 2086 agnoscant.Aort,Vlll,

314 2115 357 2164 o.
448 2112 492 2165 νο.

346 2299 401 2362 ote
415 2301 544 2374 ceucris,
560 2302 669 2381 quinto
683 2303 797 2366 mensis
805 2301 879 2380 julii
892 2301 983 2378 1560,
996 2303 1081 2366 circa
1092 2302 1204 2366 boram
1219 2299 1375 2365 decimam

302 2403 375 2460 ante
399 2398 574 2475 meridiem,
592 2399 710 2464 indicta
732 2408 781 2465 est
802 2401 963 2482 deputatio
985 2400 1146 2466 facultatis
1168 2415 1241 2464 cum
1256 2399 1377 2478 aliquot

302 2495 501 2570 senioribus,
519 2497 549 2560 in
580 2497 678 2562 rubea
707 2515 832 2564 camera
861 2500 975 2568 domus
1005 2499 1107 2580 ipsius
1135 2497 1304 2571 facultatis,
1336 2496 1377 2559 ad

302 2593 493 2660 audiendum
521 2597 625 2676 aliqua
651 2598 784 2676 proponi
811 2599 1035 2664 concernentia
1061 2596 1270 2678 pedagogium
1291 2593 1376 2660 Lilii,

302 2690 439 2768 Primus,
456 2710 495 2756 an
512 2696 674 2775 expediret
696 2697 832 2778 aliquem
854 2698 930 2763 dare
945 2695 1212 2768 commissarium,
1230 2693 1283 2774 qui
1299 2709 1377 2758 con·

303 2790 407 2855 silium
424 2792 571 2858 Bruxelle
593 2795 685 2860 adeat
707 2796 746 2860 ad
769 2796 1001 2876 impetrandum
1018 2792 1298 2868 manutenendam,
1315 2807 1378 2872 qua

302 2899 568 2955 manuteneamus
590 2894 731 2973 magistri
753 2901 783 2958 ot
806 2911 963 2974 pauperes
985 2891 1149 2974 pedagogii
1166 2891 1248 2965 Lilii,
1266 2896 1377 2954 contra

302 2998 490 3056 executores
506 2992 684 3058 testamenti
701 2992 820 3058 domini
837 2993 994 3074 quondam
1011 2989 1255 3064 Armentcriani,
1270 2989 1301 3055 in
1318 3004 1377 3057 sua

303 3088 511 3166 possessione
527 3089 657 3169 predicti
676 3091 857 3172 pedagogii;
876 3091 1048 3160 secundus.
1060 3107 1099 3154 ao
1115 3087 1289 3168 expediret,
1306 3087 1377 3162 viso

303 3186 387 3266 quod
409 3186 525 3252 fundos
549 3189 720 3254 nonnullos
745 3189 910 3271 pedagogii
932 3188 1077 3270 predicti,
1099 3196 1206 3268 utpote
1221 3203 1260 3250 ex
1275 3185 1377 3264 ligna·

303 3285 363 3358 rio,
391 3286 556 3365 applicarit
582 3287 743 3366 predictus
766 3287 1026 3354 Armettterianus
1047 3287 1086 3350 ad
1110 3301 1199 3350 suam
1217 3283 1377 3364 propriam

303 3383 431 3451 domum
456 3386 555 3450 sancti
579 3387 742 3460 Anthonii‚
767 3397 798 3452 et
813 3387 895 3467 quod
920 3385 1043 3452 edificia
1062 3384 1194 3466 predicti
1211 3381 1377 3462 pedagogii

304 3498 367 3548 non
384 3483 606 3549 intertenuerit
622 3501 710 3548 more
723 3484 796 3550 bruni
820 3483 1058 3564 patrisfamilias
1077 3483 1164 3564 juxta
1188 3481 1378 3560 exigentiam

303 3582 485 3646 testamenti
508 3583 648 3663 magistri
666 3582 768 3647 Caroli
785 3583 896 3658 Viruli¹
913 3583 965 3664 qui
987 3583 1089 3662 primo
1104 3581 1219 3661 legavit
1234 3579 1376 3656 domum,

304 3679 456 3759 deputare
472 3681 725 3756 commissarios,
740 3683 792 3762 qni
809 3681 932 3746 edificia
948 3682 1087 3755 visitent,
1102 3689 1132 3748 ct
1150 3696 1205 3758 per
1221 3688 1378 3743 rectorem

306 3777 460 3857 tantisper
476 3795 585 3842 eorum
601 3779 684 3844 bona
699 3789 907 3853 arrestentur,
925 3780 1028 3846 donec
1043 3777 1241 3844 edificiorum
1257 3775 1378 3840 instau-

306 3877 460 3942 rationem
477 3885 508 3942 ct
525 3877 656 3956 predicti
673 3878 760 3942 fundi
777 3878 1000 3943 restititionem
1016 3877 1159 3942 fecerint.

347 3973 448 4054 Super
463 3976 578 4056 quibus
590 3976 732 4042 articulis
745 3977 795 4040 vix
810 3977 1019 4041 deliberatum
1034 3984 1100 4050 est;
1118 3975 1175 4039 sed
1191 3973 1378 4038 conclusum

306 4081 355 4136 est
370 4091 408 4138 ex
423 4074 707 4142 deliberationibus
722 4076 861 4143 onmium
885 4076 974 4156 prius
997 4075 1120 4140 dandos
1143 4089 1215 4137 esse
1231 4070 1379 4136 commis·

307 4173 422 4250 sorios,
446 4175 587 4256 quicum
604 4176 827 4240 executoribus
842 4185 935 4256 agant
950 4183 981 4242 ct
995 4174 1133 4248 videant,
1150 4171 1301 4254 quidnam
1317 4169 1378 4250 ipsi
