3032 4952
712 416 853 477 ..4-

249 598 343 669 ville.
377 597 474 668 Cette
505 618 567 666 rue
598 593 727 688 portait
754 592 920 664 autrefois
948 591 980 662 lc
1003 615 1084 663 nom
1111 591 1155 663 de
1183 615 1244 665 rue
1276 593 1324 664 dc

251 716 419 798 delean,
436 733 540 804 parce
557 709 678 802 qu’elle
696 708 838 780 conduit
855 730 900 778 au
916 707 1018 778 vieux
1035 706 1191 780 Chateau
1209 709 1261 780 dit
1279 709 1323 780 de

250 829 369 901 Cesar.

423 1022 447 1085 Ι.
471 1021 646 1085 Fondotion
659 1019 696 1081 dc
710 1019 741 1081 la
753 1017 917 1100 pfdopopie
938 1017 980 1080 du
1003 1016 1148 1082 deteou.

298 1219 397 1291 Voici
415 1225 588 1290 comment
606 1216 695 1298 Bon,
716 1212 854 1308 d’aprds
873 1211 1001 1285 Valere
1024 1213 1159 1299 Andre,
1181 1223 1326 1286 raconte

249 1333 405 1427 l'origine
423 1333 467 1404 de
484 1333 520 1404 la
538 1329 732 1424 pedagogia
751 1330 797 1400 du
816 1328 972 1400 Chateau
994 1359 1002 1398 ε

289 1559 478 1625 Godefridus
499 1559 565 1622 Van
588 1557 731 1638 Gompel,
759 1557 799 1622 de
825 1557 989 1630 Desscbel,
1017 1556 1133 1621 artium
1160 1557 1325 1638 magister,

250 1659 423 1724 canonicus
448 1664 479 1722 et
504 1664 615 1720 cantor
645 1656 676 1718 in
704 1655 841 1720 ecclesia
870 1654 1036 1736 collegiata
1067 1655 1169 1720 sancti
1194 1655 1327 1720 loannis

251 1755 468 1837 Evangelistae
483 1754 697 1836 Sylvaeducis
715 1771 754 1818 ex
770 1753 880 1834 primis
896 1753 953 1818 fuit
969 1753 1129 1834 magistris
1146 1753 1326 1819 facultatem

251 1854 365 1918 artium
391 1852 703 1934 repraesentantibus
733 1851 764 1914 in
794 1850 873 1931 ipsis
903 1849 1055 1930 auspiciis
1085 1851 1202 1916 novelli
1228 1851 1327 1916 studii

251 1951 427 2034 generalis;
455 1959 559 2030 atque,
590 1959 661 2013 ante
686 1949 846 2014 conditam
867 1948 1080 2022 Academiam,
1095 1965 1153 2014 sua
1176 1949 1207 2012 iu
1232 1950 1328 2014 domo

249 2057 444 2131 juventutem
456 2048 576 2122 docuit,
591 2057 655 2111 turn
667 2049 758 2112 etiam
773 2047 975 2122 banc,erecta
987 2047 1210 2124 Universitate,
1221 2048 1330 2112 docuit

252 2165 290 2212 ac
311 2146 392 2211 rexit
415 2161 475 2210 una
494 2162 566 2210 cum
590 2145 771 2210 llermanuo
795 2145 903 2220 Braut,
920 2143 960 2209 de
982 2143 1103 2220 Boxlel,
1127 2145 1328 2211 decretorum

252 2245 458 2310 baccalaureo
476 2243 663 2307 parisiensis
678 2243 878 2318 Academiae,
893 2242 925 2304 in
941 2243 1073 2307 aedibus
1089 2259 1146 2308 seu
1162 2245 1327 2324 gymnasio

254 2342 366 2418 castri,
380 2341 477 2422 quod,
491 2341 562 2417 quia
577 2341 676 2405 veteri
691 2349 798 2404 castro
814 2340 991 2420 proximum
1007 2341 1179 2416 sll,nomen
1192 2342 1326 2422 accepit.

256 2439 428 2520 inquibus
453 2439 584 2502 aedibus
610 2439 679 2518 ipse
706 2437 897 2502 Godefridus
927 2437 966 2501 de
997 2436 1139 2518 Compei,
1171 2455 1231 2504 una
1255 2456 1327 2504 curn

255 2538 434 2602 Hermanno
447 2537 552 2610 Brant,
571 2536 610 2598 10
625 2535 804 2600 decembris
820 2534 899 2598 1443
915 2535 1084 2600 investitus
1101 2536 1174 2612 fuil;
1192 2536 1328 2618 quicum

255 2636 366 2701 eodem
382 2635 489 2715 legere
504 2650 540 2698 ao
557 2650 668 2716 regere
679 2634 876 2714 iuventutem
891 2633 1025 2698 solebat.

298 2735 451 2798 Defuncto
466 2732 505 2794 44
522 2733 624 2796 martii
643 2732 718 2794 llll
735 2732 914 2797 Hermanno
933 2732 1040 2808 Brant,
1064 2741 1234 2814 ooregentc
1256 2749 1330 2816 pae·
1371 2783 1372 2786 ,

256 2831 381 2912 dagogii
412 2831 529 2906 Casiri,
562 2830 751 2896 Godefrldus
779 2830 960 2895 continuam
987 2831 1144 2926 juventuti
1173 2833 1330 2915 regendae

256 2929 482 3010 docendaeque
511 2945 640 3010 operam
669 2929 836 3009 impendit;
868 2938 961 3010 atque
990 2947 1046 3010 per
1076 2931 1329 2995 testamentarius

256 3027 378 3092 tabulas
401 3027 529 3090 domurn
555 3043 646 3091 suam
667 3027 707 3090 ad
728 3034 914 3107 perpetuum
936 3044 1027 3091 usum
1042 3029 1207 3108 gymnasii
1223 3037 1254 3094 et
1273 3046 1330 3108 pro

258 3125 448 3206 pauperibus
476 3126 507 3188 in
536 3126 650 3189 artium
680 3123 827 3189 facultate
856 3141 986 3205 operarn
1014 3125 1162 3189 dantibus
1192 3126 1331 3206 reliquit.

258 3224 409 3304 flauoque
425 3222 493 3304 eius
510 3224 702 3288 voluntatem
718 3222 883 3296 haeredes,
898 3223 1036 3287 loannes
1052 3232 1083 3288 et
1099 3223 1255 3288 Martinus
1268 3224 1332 3288 Van

256 3322 398 3402 Gompel,
426 3323 539 3386 fratres
565 3321 752 3395 fundatoris,
781 3330 812 3386 et
838 3321 1017 3385 testamenti
1043 3320 1113 3402 ejus
1142 3330 1332 3386 executores

256 3421 393 3485 loannes
411 3419 618 3494 Varenacker,
643 3435 753 3484 sacrae
777 3419 955 3500 theologiae
977 3419 1090 3483 doctor
1107 3427 1138 3483 et
1153 3420 1329 3500 professor,

257 3525 288 3584 el
315 3519 468 3582 Henricus
495 3518 534 3582 44
562 3517 672 3593 Putea,
703 3517 867 3598 presbyter
895 3535 933 3582 ac
961 3517 1145 3597 capellanus
1174 3519 1330 3583 ecclesiae

257 3617 442 3697 collegiatae
468 3617 532 3680 divi
558 3616 650 3688 Petri,
668 3616 718 3681 die
747 3615 765 3678 6
796 3616 986 3696 septembris
1018 3615 1106 3690 1456,
1131 3616 1164 3679 14
1189 3618 1330 3681 secunda

256 3731 380 3779 camera
396 3715 504 3794 oppidi
520 3715 725 3779 Louaniensis
741 3713 901 3792 (defuncto
917 3713 1088 3779 Godelrldo
1104 3714 1168 3777 Van
1185 3715 1327 3795 Gompel,

258 3813 435 3888 fundatore,
456 3813 495 3875 30
507 3812 644 3893 januarii
663 3813 749 3890 libb>
766 3821 864 3876 ratam
879 3827 952 3876 esse
963 3811 1145 3892 iusserunt;
1163 3822 1330 3893 supporta·

186 3947 190 3960 ·
257 3921 432 3992 veruntque
453 3928 526 3976 oum
542 3911 646 3975 debita
666 3909 905 3976 effestucalione
923 3911 1062 3974 loannes
1078 3919 1109 3974 et
1123 3911 1274 3974 Martinus
1291 3911 1330 3976 de

257 4010 405 4090 Gompel,
429 4010 557 4086 fratres,
587 4011 714 4074 domurn
747 4010 839 4073 sitam
873 4008 905 4071 in
937 4008 1154 4073 Casiri-strata
1179 4009 1218 4073 ad
1248 4025 1330 4090 opus

257 4107 383 4190 collegii
398 4108 581 4174 scholastici
599 4108 631 4172 iu
648 4107 794 4172 facultate
810 4107 923 4172 artium
941 4123 997 4186 per
1011 4107 1170 4188 quondam
1186 4106 1331 4173 1144441-

233 4293 236 4305 .
255 4207 331 4272 dum
345 4207 384 4273 de
401 4206 543 4288 Gompd,
560 4223 670 4273 eorum
686 4206 825 4280 fratrem,
842 4204 975 4270 fundati.
