3252 4954
748 428 912 490 -10-

327 609 408 671 xlv.
432 608 545 672 Nullus
569 609 744 674 satisfaciat
771 621 895 674 naturae
918 607 1116 681 necessitati,
1142 608 1204 671 nisi
1233 607 1266 671 in
1294 609 1375 672 locis

285 709 325 770 ad
342 709 372 770 id
386 707 569 788 specialiter
580 707 762 783 destinatis,
777 720 831 772 eut
846 709 912 772 illic
928 707 1161 771 confabuletur.
1177 707 1378 770 latrinarum

284 808 392 887 januae
414 807 478 870 sint
504 823 632 886 semper
653 807 783 882 clausae,
802 825 862 872 nec
885 809 915 869 in
946 807 987 868 iis
1010 821 1159 885 nmquam
1186 807 1251 869 duo
1281 806 1375 870 simul

289 907 420 969 lateant.

329 1005 394 1068 llll.
419 1001 569 1066 Graviore
592 1003 708 1068 delicta
730 1003 883 1066 omnibus
911 1002 1039 1066 lmrrori
1063 1003 1152 1066 sint:
1177 1002 1281 1082 qualia
1304 1019 1377 1066 ceu-

289 1113 402 1168 sentur
428 1102 637 1178 rebelliones,
665 1102 935 1182 conspirationes
964 1101 1112 1166 lectiosae
1142 1117 1274 1181 pugnae;
1302 1102 1378 1166 item

290 1203 385 1275 furta,
420 1201 612 1282 juramenta,
653 1201 875 1281 blasphenriae‚
912 1203 1008 1264 verim
1049 1200 1202 1264 obscoena
1242 1201 1381 1280 quaevis,

291 1303 417 1382 aliaque
457 1301 641 1380 huiusmodi
683 1318 791 1364 mores
831 1301 1050 1380 depravanda.
1093 1300 1188 1363 Hisce
1229 1299 1379 1380 nequitiis

292 1400 434 1474 obrroxii,
451 1401 548 1464 veluti
572 1400 685 1479 pestis,
703 1401 864 1464 evitentur
882 1418 889 1462 :
907 1400 973 1480 oui,
1002 1399 1064 1462 nisi
1087 1415 1124 1463 se
1145 1399 1381 1478 quamprimum

292 1502 547 1575 emendaverint,
565 1501 782 1564 eliminentur.

332 1600 542 1673 illiorum
570 1608 674 1662 autem
699 1600 805 1663 omnis
832 1599 1087 1678 intemperantiae
1110 1597 1240 1661 occasio
1267 1596 1380 1660 sedulo

295 1699 422 1762 vitanda
439 1699 493 1772 sit,
511 1698 571 1761 solt
596 1714 688 1777 troena
705 1699 906 1778 gravissima,
924 1699 1018 1761 etiarn
1042 1697 1254 1768 dimissionis,
1273 1694 1381 1774 prolti-

295 1799 421 1873 bemus
440 1799 568 1878 nequis
585 1798 719 1876 popinas
735 1799 839 1868 edent,
858 1797 1043 1877 nequidem
1067 1795 1282 1874 condiscipuli
1303 1794 1384 1856 invi-

295 1897 388 1960 sendi
404 1897 504 1976 gralia
523 1919 529 1958 :
549 1913 609 1959 nec
624 1896 792 1977 quisquam
808 1897 846 1959 ad
863 1897 1067 1959 dedicationes
1084 1897 1121 1973 (l)
1138 1895 1200 1958 sub
1224 1893 1289 1957 ullo
1305 1909 1381 1972 pran-

295 2003 380 2060 lexiu
399 2005 561 2074 evagetur.

337 2093 430 2157 xvtl.
455 2094 520 2156 Sub
536 2093 648 2156 eadem
665 2109 759 2172 poena
775 2101 920 2168 caveant,
939 2109 978 2156 nc
999 2109 1035 2156 se
1050 2101 1163 2156 aestcle
1184 2091 1277 2172 aquis
1293 2105 1381 2154 com·

298 2193 435 2266 mittant,
454 2201 506 2255 aut
522 2194 629 2256 lrieme
645 2210 700 2272 per
715 2194 849 2272 glaciem
867 2194 1061 2257 discurrant.

340 2290 587 2372 Splraerisleriis,
612 2293 746 2372 aliisque
768 2293 848 2356 locis
875 2292 1012 2371 publicis
1034 2292 1227 2366 abstineant,
1251 2291 1290 2353 ad
1312 2307 1383 2370 qum

300 2392 441 2470 potandi,
467 2391 611 2464 ludendi,
635 2391 784 2466 saltandi,
810 2391 1017 2472 digladiandi,
1042 2401 1096 2455 aut
1117 2391 1178 2453 alia
1201 2388 1384 2468 hujusmodi

297 2489 483 2562 exercendi,
501 2489 550 2552 vel
567 2489 734 2568 spectandi
750 2489 851 2569 gratia
867 2489 1068 2553 convenitur.

339 2587 448 2650 llVlll.
473 2587 664 2666 Superiores
687 2603 766 2651 suos
793 2598 959 2666 parentum
989 2588 1061 2650 loco
1091 2587 1385 2664 lausannensem

297 2686 430 2766 perinde
467 2693 685 2749 revereantur.
718 2683 877 2766 Quidquid
909 2695 999 2760 nutu,
1030 2685 1080 2749 vel
1111 2701 1190 2748 voce
1226 2683 1383 2764 agendum

298 2783 561 2865 significaverint,
579 2785 609 2846 id
631 2785 684 2846 liat
708 2787 779 2848 sine
795 2783 997 2848 lraesitatione
1019 2793 1073 2847 nut
1088 2783 1252 2864 obloquio.
1270 2782 1329 2856 Qui
1353 2781 1385 2841 in

298 2897 490 2962 quemquam
503 2882 631 2945 illorum
649 2883 830 2964 insurgere,
845 2884 1066 2946 auctoritatem
1080 2881 1151 2961 ejus
1167 2889 1383 2950 contemnere,

297 2991 351 3044 aut
378 2981 554 3045 insolenter
580 2982 614 3045 ei
636 2981 790 3045 resistere
815 2999 915 3045 ausus
940 2982 1047 3054 inerit,
1076 2996 1170 3059 poena
1196 2979 1386 3060 gravissima

297 3087 452 3158 exceptus
468 3079 626 3159 ejiciatur.

341 3177 423 3240 xlx.
447 3177 595 3242 scholam
621 3195 736 3242 omnes
759 3178 982 3259 ingrediantur
1004 3178 1042 3240 ad
1068 3177 1212 3240 ultimum
1237 3175 1389 3254 pulsum;.

299 3284 331 3340 el
356 3275 428 3340 sine
454 3278 715 3340 discursitatione
738 3294 812 3341 sese
838 3277 878 3340 ad
902 3293 958 3340 sua
982 3278 1052 3340 loce
1080 3276 1246 3355 recipiant,
1272 3273 1386 3337 lectio-

296 3390 437 3455 ‘nemque
452 3377 606 3455 relegant,
626 3385 658 3439 ut
684 3376 770 3438 illam
798 3378 868 3440 sine
895 3376 1096 3440 haesitatione
1123 3375 1258 3438 recitare
1287 3373 1387 3452 parali

298 3474 380 3548 siot;
400 3474 566 3552 puniendi,
585 3475 611 3536 si
630 3474 857 3550 ignoraverint.

339 3573 407 3634 llll.
433 3573 596 3651 Superiori
633 3575 777 3636 scholam
809 3574 938 3637 intranti
975 3589 1090 3637 omnes
1119 3574 1246 3636 detecto
1281 3570 1385 3648 capite

298 3671 511 3734 reverentiam
536 3671 708 3734 exhibeant
734 3693 741 3732 ε
768 3672 851 3736 idem
876 3681 1041 3750 praeslent,
1065 3672 1140 3733 dum
1163 3669 1274 3734 schola
1298 3667 1386 3730 imita

299 3768 514 3831 dimittuntur.
531 3768 688 3847 Tempore
705 3770 825 3833 sclrolae
841 3770 926 3834 absit
943 3770 1048 3832 omnis
1065 3762 1199 3842 elamor,
1217 3768 1385 3847 strepitus,

299 3881 337 3930 ac
349 3867 522 3946 petulantia
537 3889 544 3928 :
561 3867 666 3929 nullus
679 3867 838 3946 loquatur,
849 3869 910 3932 nisi
922 3869 1152 3948 interrogatum
1168 3867 1384 3944 interrogatus

297 3982 387 4039 vero,
404 3966 551 4042 candide,
569 3983 647 4030 voce
664 3967 750 4030 clara
766 3976 798 4030 et
814 3977 923 4047 aperta
940 3966 1145 4047 respondeat.

336 4161 373 4232 (l)
393 4163 541 4227 Dedicalie,
557 4163 705 4221 kermesse.
