3186 4942
684 449 925 540 -395-Ι

227 631 338 698 tuitur.
362 630 447 696 Obiit
469 629 599 696 demum
626 629 658 692 in
687 629 743 694 illo
765 646 826 695 suo
853 627 1013 694 coenobio
1034 629 1075 694 30
1098 629 1203 695 martii
1227 630 1319 706 lita,

228 729 397 812 apoplexia
412 745 450 794 ac
464 727 612 809 lethargo
627 737 800 808 correptus
816 728 865 805 ll).

273 828 391 892 «luris
423 827 593 908 utriusque
623 825 809 891 licentiatus
844 826 884 890 td
910 825 994 907 junii
1025 827 1116 891 tlte.
1149 826 1322 908 lnscriptio

230 927 384 991 carminis
411 926 470 990 bac
496 923 670 990 occasione
700 924 874 1004 compositi
897 933 946 989 est
973 941 1115 1006 sequens
1143 947 1151 988 ι
1178 925 1323 990 Μίσὴαέἰι·

232 1028 398 1090 Franciscu
421 1025 574 1089 illabendo
599 1025 643 1087 De
665 1025 759 1099 Rode,
777 1042 818 1088 ec
836 1025 974 1106 patriciis
995 1025 1263 1106 nnmerpiensibus
1285 1025 1323 1088 de

232 1125 402 1198 domitent,
420 1125 552 1188 ecclesio
577 1124 614 1188 B.
639 1125 684 1189 Μ.
708 1124 746 1187 de
771 1123 933 1204 Tooperlo,
956 1125 1075 1188 ordinis
1098 1125 1321 1188 Proemonstro·

231 1224 337 1291 tensis.
355 1211 512 1298 senonico,
528 1222 563 1288 S.
581 1221 748 1304 Scripturas
765 1239 801 1286 ac
819 1221 876 1286 Tb.
892 1223 1072 1305 professori,
1091 1224 1247 1304 quondam
1261 1223 1323 1288 eol·

229 1321 300 1402 lepii
321 1321 356 1386 S.
382 1322 523 1386 Norberti
545 1323 578 1384 in
602 1320 682 1385 Urbe
703 1320 842 1394 alumno,
867 1323 1040 1402 professori
1065 1339 1102 1385 oe
1125 1321 1261 1401 praesidi,
1286 1339 1323 1385 oe

227 1422 435 1503 protonotario
450 1420 625 1502 apostolico,
642 1419 764 1502 collecti
786 1421 1093 1484 Promonstrotensis
1108 1423 1238 1486 bovonis·
1259 1438 1324 1486 nto-

229 1520 366 1584 derotori
380 1520 505 1594 actuali,
521 1521 554 1586 J.
575 1519 611 1586 U.
630 1519 785 1583 licentiato
801 1518 842 1582 ab
850 1521 934 1598 junii
951 1519 1044 1583 ttae.

480 1634 543 1698 Pus
559 1638 598 1698 Lu
613 1633 718 1699 Vlan
735 1634 805 1698 DsL
820 1634 939 1700 Vesvno
956 1635 1066 1700 GUonu

483 1731 541 1796 inl
556 1731 713 1796 dlealrmo
729 1733 848 1804 oUssro
865 1733 970 1798 ulons.

778 1848 947 1931 Collepittm
961 1851 1282 1915 Procmonstroteuse.

243 2013 245 2018 .
277 1983 292 2022 u
307 1961 380 2030 Fuit
394 1962 448 2028 hic
462 1963 644 2030 bichardus
659 1963 889 2030 verosimiliter
902 1964 1093 2032 dialecticus
1109 1964 1142 2028 in
1157 1963 1324 2047 gymnasio

231 2061 459 2128 sanctissimae
473 2060 650 2138 Trinitatis,
668 2061 772 2144 deque
787 2078 828 2128 eo
844 2062 876 2126 in
893 2062 1036 2129 carmine
1052 2063 1209 2144 seriptum
1225 2083 1233 2126 ι

400 2177 462 2244 Ter
477 2193 658 2260 sexagenos
672 2177 798 2243 Triadis
815 2179 988 2260 superabat
1003 2179 1154 2246 alumnos

400 2275 439 2341 Et
454 2277 571 2343 merito
585 2276 675 2343 dedit
689 2277 760 2359 ipsa
776 2277 886 2344 locum
900 2277 1075 2344 lliateetica
1090 2287 1228 2344 ternum.

275 2426 361 2490 xxt.
384 2426 570 2492 brunsnrius
594 2427 658 2492 Vsu
675 2445 731 2492 uun
749 2428 843 2506 boor,
858 2428 1083 2503 lovaniensis,
1102 2435 1197 2492 natus
1214 2427 1254 2490 lt
1270 2427 1325 2493 de·

233 2525 373 2590 cembris
401 2524 492 2600 1689,
519 2527 872 2592 praemonstratensem
894 2527 1043 2592 ordinem
1065 2527 1098 2591 in
1120 2525 1224 2590 vicina
1247 2523 1323 2590 Par-

231 2623 378 2686 censium
402 2623 528 2687 abbatia
552 2623 719 2703 amplexus
743 2625 989 2706 professusque,
1014 2641 1127 2690 sacrae
1146 2623 1328 2704 theologiae

233 2719 466 2785 baccalaureus
504 2721 674 2795 formatus,
712 2731 883 2804 postquam
922 2722 1043 2788 ibidem
1079 2721 1174 2787 annis
1209 2720 1331 2802 aliquot

232 2832 361 2882 sacram
373 2818 569 2900 theologiam
583 2819 771 2894 tradiderat,
784 2829 816 2885 et
832 2820 979 2886 novellos
994 2822 1115 2886 tirones
1131 2819 1172 2884 ad
1187 2819 1328 2886 Norber·

236 2914 335 2980 tinam
359 2916 504 2980 militiam
529 2934 567 2982 ex
594 2915 701 2983 officio
725 2918 964 2997 informaverat,
990 2917 1153 2986 Richardo
1175 2919 1264 2985 Bode
1289 2919 1328 2982 ad

236 3014 429 3089 pastoralem
445 3031 556 3080 curam
572 3014 752 3081 discedenti
767 3015 924 3083 suffectus
949 3025 999 3083 est
1014 3034 1099 3084 anno
1115 3017 1207 3082 trba.
1234 3016 1328 3083 Rexit

237 3112 298 3177 hoc
324 3113 496 3196 collegium
523 3113 617 3179 aunis
643 3115 838 3191 octodecim,
866 3117 1035 3197 prudentia
1062 3117 1219 3199 singulari
1247 3133 1327 3182 usus

235 3211 319 3276 inter
340 3212 550 3293 gravissimas
572 3212 661 3288 belli,
678 3231 743 3296 quo
763 3224 829 3280 tum
852 3215 1057 3293 vetabamur,
1076 3216 1255 3281 molestias.
1280 3215 1327 3282 Ob

234 3311 351 3376 malam
367 3311 583 3378 valetudinem
599 3311 733 3378 dimissa
750 3313 981 3396 praesidentia,
999 3315 1037 3380 ad
1055 3331 1147 3380 suam
1168 3314 1327 3380 abbatiam

236 3410 430 3478 Parcensem
467 3428 629 3487 reversus,
667 3413 816 3479 absoluto
854 3414 1087 3496 propemodum
1125 3414 1327 3496 sexagesimo

241 3508 344 3588 primo
366 3509 480 3575 aetatis
502 3525 599 3585 anno,
616 3519 848 3593 contractoque
870 3529 910 3577 ex
932 3513 1019 3578 cerie
1042 3511 1140 3594 pedes
1166 3511 1327 3579 inliciente

240 3608 354 3673 morbo
369 3607 570 3685 acutissimo,
588 3625 605 3675 e
618 3609 699 3675 vivis
716 3610 838 3676 tollitur
852 3611 893 3675 26
907 3611 1089 3678 decembris
1107 3611 1200 3678 titt.

277 3755 375 3819 xxti.
400 3754 535 3822 Canobus
559 3757 621 3822 Van
644 3757 771 3835 Posrst,
787 3760 1039 3841 Antverpianus,
1065 3759 1238 3825 candidum
1261 3758 1325 3824 divi

234 3853 382 3919 Norberti
396 3854 544 3922 ordinem
554 3855 722 3937 protessus
734 3856 768 3922 io
782 3857 884 3938 patria
897 3859 1000 3924 sancti
1012 3857 1324 3934 Michaelisabbatia,

271 4049 308 4124 (2)
327 4050 411 4107 Addit
429 4051 512 4106 Bax:
535 4075 549 4098 ·
561 4052 632 4108 Vide
649 4053 675 4112 J.
698 4053 733 4111 U,
754 4053 921 4120 licentiatos,
941 4056 1014 4112 inter
1033 4057 1125 4126 varis3
1147 4061 1175 4112 et
1197 4055 1325 4124 Horten,

238 4145 313 4196 tomo
327 4140 401 4206 Vlll,
417 4159 463 4213 pp.
478 4141 515 4197 dl
528 4145 557 4199 et
569 4142 606 4198 ts
619 4169 645 4198 a.

320 4264 351 4312 v.
952 4267 956 4280 ¹
1204 4251 1244 4316 ib
