3158 4952
669 466 855 532 ..359.-

216 654 285 714 caat
309 647 398 712 illum
421 647 623 714 committere
643 647 841 730 iurisperitis
864 648 1133 724 examinandum;
1161 668 1201 716 an
1231 669 1307 718 vero

218 747 305 812 malit
319 747 455 812 facultas
471 747 698 813 communibus
715 747 877 827 expensis,
894 747 1044 812 uidelicet
1058 749 1128 814 suis
1146 759 1178 815 et
1193 767 1307 832 regen-

218 847 274 921 tis,
298 863 355 912 eas
377 847 536 912 fenestras
559 846 679 911 vitreas
711 845 799 911 reflui
822 845 972 926 poetisne,
1002 847 1074 928 quia
1105 849 1308 928 reparatione

217 945 416 1027 indigebant.

258 1042 416 1118 Quantum
443 1043 482 1108 ad
512 1043 667 1123 primum,
696 1043 769 1124 quia
796 1042 908 1108 relatio
926 1044 1229 1110 commissariorum
1257 1057 1306 1112 est

216 1143 405 1224 imperfecta
431 1152 462 1208 et
484 1143 603 1224 excipit
627 1143 803 1222 capitulum
829 1159 925 1207 riuum
952 1143 984 1205 in
1008 1153 1158 1224 computu
1186 1145 1306 1210 domini

217 1244 360 1330 regentis
378 1241 536 1318 Falconis,
550 1240 701 1307 videlicet
716 1242 756 1306 de
773 1241 925 1306 fenestris
941 1243 1061 1316 vitreis,
1076 1242 1205 1308 videant
1220 1260 1307 1309 com-

217 1342 357 1407 missarii
382 1359 496 1406 rursus
512 1349 711 1422 computum,
729 1357 766 1404 ac
782 1341 953 1421 diligenter
976 1351 1071 1421 capnt
1086 1341 1164 1406 illud
1188 1343 1306 1408 exami-

218 1452 305 1517 nent,
322 1453 418 1523 atque
440 1441 618 1514 advertant,
635 1456 676 1503 an
701 1441 733 1503 in
759 1440 832 1504 ullis
861 1440 1041 1504 rationibus
1066 1441 1305 1522 precedentium

215 1556 374 1606 annorum
396 1538 515 1620 aliquid
539 1539 580 1602 sit
602 1538 745 1602 facultati
768 1537 961 1619 asscriptum
984 1539 1156 1604 occasione
1180 1557 1306 1604 carum-

212 1638 288 1702 dem
312 1639 544 1714 fenestrarum
568 1647 601 1702 et
624 1637 762 1702 fideliter
785 1636 926 1702 referant
950 1637 1102 1714 facultati,
1119 1639 1194 1720 quid
1218 1655 1306 1704 ccm-

215 1747 344 1818 pertum
359 1738 413 1804 sit.

257 1836 417 1911 Quantum
443 1835 482 1900 ad
508 1836 704 1907 secundum,
731 1844 883 1914 computu
911 1836 1081 1916 diligenter
1106 1837 1305 1909 examinato.

214 1935 392 2002 constituat
417 1934 568 2000 dominus
595 1951 712 2016 regens
736 1942 853 1998 statum
882 1933 1049 2016 pedagogii
1071 1934 1222 1998 Falconis
1249 1952 1307 2017 pro

210 2036 367 2102 omnibus
394 2035 499 2108 aunis,
523 2033 641 2115 quibus
667 2033 737 2114 ipse
763 2033 894 2113 prefuit,
923 2043 957 2097 ut
983 2033 1128 2098 videatur
1153 2044 1305 2112 quantum

213 2134 426 2201 emolumenti
443 2133 564 2199 interea
581 2133 722 2198 facultati
738 2149 778 2197 ex
794 2132 930 2199 falcone
946 2134 1132 2198 accesserit.
1146 2137 1215 2208 Quo
1230 2151 1307 2198 con-

213 2233 371 2308 siderato,
386 2231 503 2312 poterit
516 2231 651 2296 facultas
662 2231 805 2312 gratiose
821 2248 894 2296 cum
907 2231 1040 2296 domino
1053 2241 1184 2312 regente
1198 2248 1305 2313 agere.

257 2330 418 2406 Quatntum
441 2330 479 2394 ad
497 2329 639 2402 tertium,
658 2328 792 2393 facttltas
815 2336 959 2406 acceptat
983 2329 1234 2410 resignationem
1257 2347 1308 2396 re-

213 2431 322 2512 gentio
338 2428 499 2504 Falconis,
517 2443 612 2508 qnam
629 2427 780 2492 dominus
803 2427 926 2506 scripto
942 2430 974 2490 in
991 2444 1049 2492 sua
1072 2429 1309 2509 supplicatione

210 2529 372 2603 exhibuit,
390 2537 422 2594 et
437 2528 477 2592 de
492 2542 687 2592 successore
704 2535 849 2607 tempore
864 2536 1026 2608 oportuno
1043 2527 1233 2608 providebit.

257 2628 417 2704 Quantum
434 2626 473 2690 ad
489 2635 649 2707 quartum,
666 2625 743 2690 dicit
759 2625 894 2689 facultas
911 2641 976 2688 non
992 2641 1066 2689 csse
1081 2625 1213 2690 dubium
1229 2626 1306 2692 arti-

211 2727 325 2792 culum
351 2725 391 2790 de
418 2725 569 2790 fcttestris
591 2723 713 2797 vitreis,
739 2723 796 2788 sed
824 2723 988 2805 expressis
1009 2723 1117 2788 verbis
1143 2733 1305 2804 regentem

212 2825 352 2906 obligari
374 2824 412 2888 ad
436 2823 621 2888 earumdem
644 2823 892 2903 reparationem,
919 2831 1013 2903 prout
1035 2821 1170 2888 babetur
1191 2822 1223 2886 in
1245 2823 1307 2890 boc

212 2923 300 2990 libro
323 2921 571 2988 conclusionum
595 2920 756 2985 facultatis
779 2929 905 2996 octavo,
922 2937 1007 2984 anno
1022 2920 1119 2996 nutv,
1136 2920 1189 2987 die
1207 2920 1304 3002 jovis,

212 3021 337 3088 mensis
362 3020 489 3102 augusti
521 3019 573 3084 die
606 3037 692 3092 xxx..
723 3018 799 3084 folio
825 3017 916 3100 xxiij⁰
943 3018 977 3082 in
1006 3021 1148 3084 secunda
1179 3020 1304 3102 pagina.

211 3121 308 3196 Acri,
325 3119 408 3196 Vlll,
427 3119 482 3185 fol.
500 3118 561 3182 aab
576 3129 608 3183 v⁰
623 3117 730 3183 ettad
747 3129 788 3182 1¹⁰.

256 3271 313 3334 Die
333 3270 465 3340 aencis.
483 3276 595 3350 quarta
617 3269 731 3330 mensis
754 3268 827 3348 tnnji
851 3267 943 3342 lbos,
962 3266 1080 3332 indicta
1096 3267 1155 3334 suit
1167 3283 1306 3350 congre·

206 3369 299 3450 gatto
315 3366 486 3434 falcultatis
498 3365 613 3430 artium
632 3365 663 3428 in
681 3364 804 3429 sobolis
816 3366 945 3438 artium,
958 3366 997 3429 ad
1015 3366 1126 3430 boram
1149 3365 1305 3431 decimam

210 3475 288 3532 aute
304 3465 482 3540 meridiem,
499 3480 539 3528 an
559 3465 680 3544 placeat
696 3463 838 3528 facultati
855 3465 1017 3530 remittere
1032 3464 1193 3545 aliquibus
1209 3481 1306 3546 nego·

212 3566 294 3632 tium
307 3563 469 3646 cogitandi
486 3571 517 3628 et
529 3562 700 3628 ordinandi
713 3563 754 3628 de
765 3562 1017 3637 conditionibus,
1031 3563 1149 3646 quibus
1161 3563 1305 3646 regentia

214 3663 367 3730 falconis
389 3663 431 3727 sit
453 3661 548 3726 alicui
571 3660 798 3728 committenda
817 3684 824 3724 ε
840 3679 879 3726 an
902 3662 1024 3728 eisdem
1046 3662 1302 3736 conditionibus,

210 3763 333 3845 quibus
350 3762 524 3826 modernus
540 3777 658 3842 regens
674 3760 843 3836 babuit‚an
859 3761 945 3836 aliis,
962 3777 1002 3824 an
1018 3761 1114 3826 etiam
1131 3763 1245 3834 locato,
1264 3776 1303 3825 an

207 3871 333 3943 emptu.
347 3860 506 3936 Quantum
525 3859 564 3926 ad
582 3859 719 3939 primum
735 3860 832 3938 [bunc
847 3859 1038 3939 articulumi,
1053 3860 1186 3928 facultas
1203 3859 1304 3924 nomi-

207 3961 296 4030 navit
321 3969 354 4026 ct
379 3959 544 4040 deputavit
566 3957 750 4024 ordinarios
776 3958 959 4040 deputatos,
984 3959 1146 4040 adjunctis
1173 3969 1304 4040 pastore

207 4059 274 4125 diui
287 4057 398 4126 tacubi
414 4066 445 4122 et
463 4057 591 4136 preside
606 4057 735 4136 collegii
753 4057 926 4138 tntttnguts.
941 4057 1064 4134 Quibus
1079 4057 1190 4126 eadem
1209 4057 1302 4125 facul·

209 4167 262 4224 tas
275 4157 367 4224 dedit
390 4154 563 4236 plenariam
588 4164 779 4236 potestatem
802 4156 963 4237 cogitandi
983 4164 1014 4222 et
1028 4157 1240 4225 conveniendi
1263 4155 1304 4222 de

208 4255 457 4330 conditionibus
479 4269 551 4318 cum
568 4270 651 4318 noro
669 4262 800 4336 regente
818 4254 964 4322 falcortis
979 4253 1196 4330 iracundiam
1217 4255 1305 4333 vide·
