3130 4956
752 468 804 546 ⁵-
826 429 889 502 ald
909 467 950 486 ·-

320 611 457 680 Primum
487 629 523 680 se
551 629 705 682 excusare
732 617 842 688 voluit.
875 617 958 698 quod
991 615 1102 697 pridie,
1134 614 1195 682 sub
1214 615 1400 698 juramento

317 723 460 789 voratus,
492 731 554 780 non
584 717 816 796 eontparuerit;
847 716 962 782 deinde
988 717 1027 780 ad
1056 732 1150 780 unum
1181 717 1229 781 rel
1260 715 1401 780 alterum

318 814 562 894 supplicationis
578 827 681 896 eaput,
699 816 807 896 paucis
819 817 936 890 allatis,
949 815 1071 896 reliqua
1083 815 1125 880 ita
1141 815 1257 879 intaeta
1270 814 1402 896 reliquit

317 915 400 990 (oum
426 920 529 977 tamen
557 914 792 988 admoneretur,
819 923 850 979 ut
865 914 902 978 ad
920 913 1039 995 reliqua
1055 915 1285 994 responderet),
1303 912 1397 995 quasi

317 1009 386 1090 ipsa
402 1012 447 1075 rei
464 1013 594 1078 veritate
610 1013 808 1093 compulsus,
826 1031 861 1078 ea
879 1012 1046 1076 admittere
1058 1013 1230 1077 rideretur.
1250 1012 1402 1076 Pluribus

317 1109 432 1175 deinde
458 1111 566 1176 veritis
588 1111 662 1176 ltine
685 1112 759 1176 inde
775 1111 904 1185 habitis,
921 1112 1048 1175 taudem
1076 1110 1178 1176 amieo
1202 1110 1399 1184 admonitus,

318 1215 351 1272 ut
378 1225 435 1288 pro
461 1211 584 1274 honore
610 1211 713 1274 adiuro
741 1227 804 1274 suo.
828 1210 936 1288 potius
960 1209 1227 1290 ultroregentiam
1244 1208 1399 1288 resignet,

317 1324 412 1388 quam
443 1309 636 1390 torpuerat
666 1327 738 1372 eum
772 1318 910 1372 extrema
943 1308 1079 1374 nominis
1109 1307 1159 1372 sui
1181 1307 1303 1388 jactura
1328 1323 1402 1371 eam

322 1407 481 1472 dimittere
496 1415 660 1490 cogatura
679 1409 824 1473 securitate
841 1409 888 1472 rel
901 1407 1040 1474 dominis
1052 1408 1210 1488 deputatis
1222 1406 1403 1472 seeundum

322 1515 510 1586 potestatem
529 1508 607 1587 ipsis
631 1507 661 1570 in
690 1508 781 1588 plena
798 1508 945 1572 facultate
965 1507 1079 1577 datam,
1098 1506 1242 1570 modeste
1259 1505 1366 1585 petivit
1384 1521 1403 1567 a

322 1604 460 1669 dominis
472 1607 699 1686 deputatissibi
714 1607 842 1671 unieutn
855 1607 936 1670 diem
951 1608 988 1670 ad
1002 1605 1241 1671 deliberandum
1252 1603 1401 1676 concedi.

321 1703 538 1768 incrastinum
555 1707 665 1771 ituram
683 1723 795 1768 nnnatu
814 1706 1002 1786 promittens
1018 1722 1053 1769 se
1065 1703 1203 1768 dominis
1217 1704 1401 1767 absolutum

322 1819 512 1883 responsum
530 1815 722 1884 paraturum.
740 1804 876 1876 Domini,
894 1813 1011 1868 attenta
1028 1803 1193 1884 temporie,
1208 1802 1292 1884 quod
1311 1812 1402 1882 pete-

323 1901 425 2065 galim,
449 1903 614 1980 brevitate,
639 1904 740 1984 ipsius
765 1903 908 1985 petitioni
930 1911 1120 1968 annuerunt.
1137 1902 1226 1976 dora,
1243 1902 1324 1976 Vlll,
1343 1902 1401 1966 lol.

400 2013 440 2066 r0.

368 2200 423 2262 Dte
432 2199 578 2276 saltatur,
591 2207 695 2265 ortona
705 2202 816 2266 meula
828 2202 996 2266 novemilia
1010 2200 1101 2276 leet,
1115 2200 1153 2266 ad
1167 2201 1405 2266 horamnonam

323 2314 514 2379 comparens
540 2301 688 2366 dominus
716 2317 829 2382 regens
858 2300 927 2364 Lilii
953 2317 1059 2366 noram
1082 2299 1223 2366 dominis
1245 2299 1407 2381 deputatis

320 2396 383 2478 jam
400 2397 567 2478 aliquoties
584 2399 766 2475 nominatis,
784 2412 877 2482 atque
894 2411 1024 2482 rogatus
1039 2417 1057 2464 a
1072 2399 1203 2467 domino
1220 2399 1356 2474 decano,
1372 2391 1409 2463 ut

324 2511 422 2576 super
444 2499 617 2578 propositis
638 2498 698 2563 sibi
719 2515 775 2578 per
789 2499 936 2564 dominos
953 2500 1135 2581 precedenti
1151 2499 1203 2564 die
1220 2499 1403 2563 absolutum

323 2610 514 2675 responsum
528 2597 591 2677 jam
606 2597 707 2673 daret,
725 2597 889 2677 respondit
904 2615 940 2663 se
953 2599 1092 2664 nondum
1105 2598 1191 2662 illius
1204 2613 1277 2662 esse
1289 2597 1402 2670 animi,

324 2694 409 2775 quod
425 2696 599 2775 regentium
615 2711 703 2760 suam
721 2695 942 2777 resignandam
958 2706 1058 2776 putet;
1072 2695 1307 2777 invenissejam
1320 2695 1402 2760 fide·

320 2793 493 2874 iussorem,
517 2794 572 2876 qui
592 2811 648 2875 pro
674 2795 842 2870 frumento,
860 2814 924 2879 quo
938 2797 1110 2878 indigebat,
1127 2803 1157 2861 et
1174 2812 1232 2876 pro
1247 2795 1401 2858 carnibus

324 2909 363 2956 ex
383 2893 515 2956 macello
537 2892 718 2958 adfereudis
733 2895 816 2976 apud
833 2895 991 2960 lanionem
1010 2895 1170 2977 spondere
1192 2894 1235 2959 sit
1250 2902 1401 2974 paratus;

325 2990 460 3072 ideoque
489 3007 524 3056 se
551 3007 692 3071 sperare.
723 2993 807 3074 quod
837 2994 876 3058 ad
905 3004 1029 3074 tempus
1056 2995 1159 3058 adnuo
1190 2993 1270 3058 bene
1298 2992 1403 3071 possit
1435 3045 1441 3052 .

326 3091 499 3169 regentium
525 3107 614 3154 suam
641 3091 838 3167 continuare,
868 3103 900 3157 ut
927 3101 1037 3172 postea
1061 3109 1134 3156 eum
1152 3089 1261 3171 majori
1278 3090 1403 3154 honore

326 3203 395 3252 eam
422 3188 572 3269 resignet.
599 3187 740 3270 Cumque
765 3199 943 3272 cogeretur,
969 3199 1001 3254 ut
1025 3191 1202 3254 nominaret
1217 3189 1305 3254 illum
1322 3186 1403 3253 ilde-

323 3286 495 3367 jussorem‚
510 3288 683 3353 nominavit
695 3289 856 3354 dominum
870 3288 1065 3368 prepositum
1077 3287 1281 3352 Jesuitarum.
1291 3287 1402 3351 Visum

326 3386 431 3466 itaque
447 3386 504 3449 suit
518 3386 668 3461 dominis,
687 3394 719 3451 ut
735 3387 788 3452 ille
804 3395 981 3460 vocaretur,
994 3388 1068 3452 etin
1082 3385 1242 3468 presentia
1255 3385 1402 3451 domino·
1500 3405 1503 3410 ·

325 3503 395 3550 rum
410 3503 508 3567 super
521 3487 580 3552 itae
596 3504 630 3552 re
645 3487 820 3552 audiretur.
838 3489 974 3553 Vocatus
989 3487 1178 3568 comparuit,
1198 3493 1227 3551 et
1240 3495 1403 3566 rogatusa

326 3585 456 3650 domino
482 3586 670 3660 decanatu
697 3587 764 3666 ipse
790 3597 918 3666 paratus
944 3587 985 3651 sit
1001 3587 1174 3668 fidejubere
1198 3602 1255 3667 pro
1271 3585 1402 3651 domino

325 3692 467 3765 regente.
492 3693 523 3749 et
539 3700 596 3763 pro
616 3693 732 3766 quanta
748 3702 871 3750 summa
889 3693 1016 3766 paratus
1033 3686 1074 3750 sit
1094 3685 1279 3766 fidejubere.
1297 3684 1402 3749 deela-

326 3783 407 3846 rarit
431 3783 593 3848 dominum
619 3794 781 3864 regentem
809 3784 904 3849 hotlie
930 3785 970 3849 de
995 3801 1032 3849 ea
1059 3801 1093 3849 re
1118 3801 1180 3848 uno
1205 3791 1325 3848 tantum
1352 3785 1401 3848 rel

326 3881 426 3947 altero
444 3883 543 3947 verbo
569 3898 683 3947 seeum
694 3883 818 3964 egisse:
836 3901 945 3948 rerum
962 3885 1152 3958 desummo,
1171 3899 1228 3964 pro
1244 3899 1307 3963 qua
1323 3882 1402 3948 lide·

324 3981 461 4061 iuberet,
478 3982 555 4045 nihil
570 3998 644 4046 esse
659 3982 792 4057 dietum;
807 4001 909 4064 neque
924 4000 960 4048 se
975 3984 1068 4049 etiam
1085 3983 1170 4048 seire
1182 3981 1399 4058 difficultates,

326 4093 405 4157 otras
430 4079 578 4144 dominus
604 4098 717 4163 regens
743 4082 866 4147 ratione
890 4098 948 4146 sue
970 4081 1084 4147 domus
1100 4081 1241 4146 haberet.
1259 4082 1402 4162 Cumque

312 4176 459 4242 ulterius
481 4187 658 4260 rogaretur,
683 4196 722 4244 an
744 4189 852 4264 posset
873 4179 940 4261 ipse
962 4181 1031 4244 sine
1052 4179 1228 4263 superioris
1250 4181 1302 4246 sui
1324 4197 1402 4246 eon·
