3130 4956
764 499 805 513 -
830 463 952 526 292-

359 645 389 709 8.
414 645 592 719 Postremo,
617 643 776 725 permittet
793 643 928 725 singulis
944 643 1037 707 annis
1054 659 1110 725 per
1125 642 1274 709 dominos
1292 643 1405 725 provi·

318 761 410 809 sores
438 744 552 808 domus
578 744 699 808 visitari
723 743 762 807 ad
788 743 970 816 videndum,
997 759 1038 807 au
1061 743 1149 824 juxta
1174 743 1402 823 precedentem

316 843 535 908 conditionem
551 841 734 906 necessarie
750 842 970 922 reparationes
985 850 1060 906 sunt
1076 841 1169 906 tacte.

357 1038 523 1120 Subiunxit
545 1039 660 1104 deinde
682 1040 830 1104 domiuus
853 1039 993 1104 decanus
1008 1039 1093 1104 bunc
1109 1055 1182 1103 esse
1197 1047 1403 1103 contractum

315 1145 347 1200 et
362 1146 545 1202 contractus
562 1138 763 1202 conditiones
780 1154 836 1217 per
851 1137 1000 1202 dominos
1013 1137 1254 1202 commissarios
1268 1136 1405 1200 nomine

316 1235 474 1301 facultatis
500 1237 583 1302 inter
608 1237 724 1300 dictam
750 1236 931 1300 facultatem
960 1245 992 1300 et
1013 1236 1176 1300 dominum
1197 1236 1402 1302 licentiatum

317 1335 462 1399 Maeioot.

356 1531 434 1605 Quia
456 1548 530 1596 vero
553 1531 704 1613 magister
727 1531 919 1606 Waltherus‚
945 1548 1047 1611 nuper
1067 1532 1288 1613 resignaturos
1305 1549 1404 1597 suam·

316 1630 503 1710 regentium,
531 1631 672 1711 gratiose
697 1630 817 1709 cupivit
842 1629 926 1710 apud
953 1646 1175 1695 successorem
1190 1631 1329 1710 aliquam
1344 1629 1399 1694 sui

316 1726 425 1792 baberi
448 1728 615 1804 rationem,
640 1728 843 1792 committens
866 1745 902 1793 se
917 1728 1105 1793 discretioni
1120 1745 1156 1792 ac
1172 1729 1399 1794 benevolentia

316 1824 517 1890 dominorum
543 1827 847 1900 commissariorum,
876 1844 895 1891 e
922 1827 1049 1892 diverso
1072 1844 1148 1892 vero
1171 1827 1291 1892 domini
1307 1843 1402 1891 com-

316 1925 455 1988 missarii
471 1924 676 2004 promiserint
691 1942 726 1990 se
741 1926 824 1990 inter
838 1927 944 2005 ipsum
956 1926 1141 2007 magistrum
1152 1925 1350 1990 Waltherum
1364 1937 1399 1990 et

315 2039 537 2088 successorem
552 2040 649 2102 super
665 2023 770 2104 petitis
786 2025 819 2086 in
835 2025 956 2106 scripto
969 2025 1205 2090 conditionibus
1217 2026 1266 2088 vei
1279 2026 1398 2089 simiti-

312 2119 373 2184 bus
399 2121 591 2185 mediatores
617 2121 752 2198 tuturos,
777 2123 836 2188 bec
862 2124 1027 2204 sequentia
1050 2123 1212 2188 adomino
1228 2123 1391 2190 licentiato

312 2217 445 2283 Maelcot
460 2219 669 2299 impetrarunt
687 2239 694 2284 :

354 2319 383 2379 i.
408 2318 442 2381 ln
466 2319 588 2398 primis,
613 2319 772 2398 permittet
785 2319 934 2384 dominus
948 2320 1130 2384 licentiatus
1146 2320 1263 2396 dictus,
1280 2320 1394 2382 habito

312 2414 512 2496 fidejussore,
536 2417 575 2480 ad
598 2417 760 2481 biennium
777 2418 930 2498 magistro
947 2418 1108 2482 Waltheru
1126 2420 1253 2482 borturn
1269 2418 1390 2481 dictum

312 2514 428 2578 Leonis
452 2530 599 2578 unacum
615 2516 710 2579 domo
726 2515 976 2590 inhabitandum,
995 2516 1054 2580 sub
1069 2533 1178 2590 onere,
1196 2533 1259 2598 quo
1275 2517 1394 2580 domus

312 2628 348 2677 ea
363 2623 490 2692 gravata
505 2624 554 2677 est
569 2631 586 2677 a
602 2613 705 2693 primo
722 2615 900 2687 fundatore,
917 2615 1064 2680 videlicet
1081 2631 1184 2679 annue
1195 2615 1236 2695 xij
1252 2614 1392 2679 floreno-

313 2729 401 2786 rum;
419 2713 492 2776 item
509 2713 570 2776 sub
585 2729 682 2777 unere
698 2714 908 2793 reparationis
926 2715 1106 2778 necessarie
1119 2714 1261 2794 eiusdem
1274 2713 1393 2777 dumus

312 2827 385 2875 uum
408 2812 489 2874 horti
514 2828 616 2884 muro,
636 2813 683 2875 sic
698 2821 802 2876 tamen
820 2822 864 2887 ut,
882 2812 909 2875 si
925 2822 998 2876 ante
1013 2813 1126 2876 festum
1141 2809 1295 2874 Jobannis
1311 2811 1396 2891 Bap-

312 2908 386 2974 tistc
413 2909 554 2988 proxime
578 2909 716 2972 futurum
744 2926 807 2972 non
834 2909 1030 2990 reparaverit
1054 2925 1101 2984 ea,
1132 2926 1195 2990 que
1221 2909 1284 2988 J'am
1315 2921 1393 2972 suut

312 3007 501 3087 reparanda,
528 3007 623 3071 domo
648 3007 789 3071 excedat.
821 3008 900 3072 item
927 3007 1080 3072 concedet
1106 3006 1210 3071 dictus
1240 3006 1394 3088 magister·

314 3105 496 3169 waltherus
521 3105 553 3166 in
579 3121 616 3169 ea
641 3105 737 3169 domo
759 3105 941 3170 cubiculum
969 3122 1066 3168 unum
1092 3105 1141 3168 vel
1169 3105 1302 3169 atterum
1333 3121 1395 3184 pro

253 3205 256 3212 '
312 3203 444 3284 egrotis,
472 3203 497 3266 si
525 3219 606 3282 quus
629 3203 798 3284 contigerit
819 3203 1006 3284 contagioso
1029 3202 1140 3267 morbo
1163 3203 1195 3264 in
1212 3203 1392 3284 pedagogio

313 3301 382 3366 Lilii
398 3301 526 3380 corripi.
545 3301 620 3363 item
634 3301 794 3379 permittet
805 3301 889 3365 idem
902 3302 1052 3382 magister
1064 3302 1246 3365 Waltherus
1258 3301 1393 3366 domiuo

312 3399 485 3472 licentiato,
503 3400 637 3479 regenti,
651 3400 785 3463 liberum
801 3400 983 3480 ingressum
998 3401 1047 3464 rel
1060 3401 1120 3464 soli
1133 3400 1182 3464 rel
1194 3415 1265 3462 cum
1278 3399 1395 3464 amicis

312 3507 366 3561 aut
381 3497 539 3578 magistris
556 3499 594 3560 ad
611 3513 680 3562 eam
696 3499 825 3562 domum
840 3499 992 3563 venienti.

354 3596 384 3657 b.
408 3599 505 3660 Actus
528 3613 640 3660 omnes
663 3595 813 3660 formales
829 3607 923 3662 eruut
939 3597 1059 3662 domini
1075 3596 1240 3672 licentiati,
1259 3613 1397 3661 succes-

312 3695 396 3759 soris
411 3695 443 3757 in
460 3695 612 3774 regentia.

353 3794 383 3858 3.
401 3794 426 3855 A
441 3793 577 3874 singulis
592 3795 809 3874 metapbisicis
823 3795 946 3859 ratione
962 3795 1196 3874 reparationum
1213 3795 1395 3873 methaphi-

312 3892 457 3956 sicalium
469 3892 540 3973 (sic)
553 3893 688 3972 accipiet
701 3894 851 3974 magister
858 3893 1042 3957 waltherus
1056 3893 1256 3958 medietatem
1272 3894 1397 3974 stipen-

311 3990 372 4066 dii;
389 4007 482 4072 quam
498 3991 665 4070 pecuniam
681 4007 853 4055 successor
869 3991 931 4070 ipsi
953 3991 1081 4071 colliget
1103 4001 1135 4055 et
1156 3993 1395 4056 annumerabit.

352 4091 383 4153 t.
409 4092 585 4156 Successor
611 4090 730 4155 nemini
760 4090 863 4155 tradet
888 4091 1048 4171 signatum
1075 4093 1300 4171 promotionis,
1328 4093 1397 4157 nisi

314 4188 465 4270 magistro
490 4189 654 4254 walthero
680 4197 874 4264 contentato,
901 4192 1078 4254 secundum
1100 4191 1183 4272 quod
1205 4207 1276 4256 oum
1293 4191 1398 4260 disei-

314 4287 400 4369 pulis
414 4287 573 4356 convenit.
