3232 4940
680 447 863 512 -493-

231 639 418 709 coeperunt,
438 637 471 693 ut
492 639 523 693 et
539 629 570 692 in
586 627 684 692 Gallia
708 628 888 693 consimilis
911 629 1116 695 sacerdotum
1140 629 1211 694 sine
1234 630 1318 695 rotis

232 729 405 794 viventium
429 727 568 792 societas
594 728 783 808 erigeretur,
801 737 896 809 atque
921 723 997 809 prae
1019 729 1138 793 ceteris
1160 727 1321 809 hocopus

230 827 268 892 ad
282 838 424 908 optatum
442 827 561 891 exitum
578 827 794 907 perduxerunt
807 836 937 892 sanctus
954 827 1146 892 Frarrciscus
1158 825 1314 903 SalesiuS,

231 925 506 992 eminentissimus
521 925 694 990 cardinalis
713 925 753 990 de
768 923 889 1006 lojosa,
906 926 990 990 sacri
1011 925 1138 1006 collegii
1155 926 1319 1006 princeps,

231 1035 262 1092 et
285 1025 398 1090 Petrus
422 1023 582 1097 Berullus,
605 1025 807 1105 postmodum
836 1035 866 1090 et
890 1025 960 1106 ipse
984 1026 1093 1106 galero
1116 1025 1319 1089 cardinalitio

231 1123 415 1206 insignitus.
433 1123 506 1196 Sed,
524 1140 597 1188 oum
621 1125 660 1188 de
684 1125 790 1188 tuturo
810 1124 914 1204 capite
936 1123 1187 1205 disceptabatur,
1207 1124 1320 1204 impel-

232 1225 317 1288 lente
342 1222 476 1296 Salesio,
505 1222 647 1287 omnium
679 1233 751 1287 vota
779 1223 967 1302 conspirant
994 1223 1025 1286 in
1055 1223 1237 1297 Berullum;
1265 1223 1319 1304 qui

230 1339 325 1394 onus,
347 1322 596 1401 superveniente
615 1339 771 1402 expresso
792 1331 824 1386 et
840 1321 988 1386 absoluto
1004 1321 1146 1402 episcopi
1164 1321 1214 1386 sui
1232 1339 1318 1385 man-

230 1421 316 1498 dato,
344 1421 470 1486 tandem
497 1421 644 1496 admittit,
671 1431 764 1500 atque
793 1421 828 1483 11
860 1421 1043 1484 novembris
1071 1419 1163 1493 1611,
1191 1421 1318 1485 Parisiis

232 1521 434 1585 fundamenta
466 1521 573 1601 posuit
600 1521 863 1601 congregationis
894 1520 1032 1584 Oratorii
1066 1521 1189 1584 Domini
1221 1525 1316 1594 tesu;

230 1637 323 1700 duam
340 1621 457 1685 deinde
472 1621 523 1684 die
546 1620 582 1682 td
599 1621 671 1682 maii
688 1619 768 1683 1613
792 1621 980 1701 approbavit
1001 1632 1097 1700 atque
1114 1621 1318 1684 conlirmavit

230 1737 376 1784 summus
390 1719 531 1800 pontifex
544 1719 661 1783 Paulus
673 1719 709 1791 V,
725 1729 757 1784 ut
772 1730 854 1798 patet
867 1737 905 1783 ex
919 1719 1015 1793 hulla,
1031 1721 1062 1782 iu
1075 1735 1136 1800 qua
1155 1721 1316 1799 praelatus

232 1819 389 1887 Berullus,
407 1819 446 1881 ad
464 1835 576 1898 preces
591 1819 818 1883 serenissimae
834 1819 1010 1883 Galliarum
1035 1819 1163 1900 reginae
1186 1829 1217 1883 et
1235 1819 1316 1884 llen-

230 1917 300 1991 rici,
317 1917 460 1996 episcopi
483 1917 687 1992 Parisiensis,
706 1918 803 1982 totius
827 1917 1086 1999 congregationis
1111 1917 1315 1998 praepositus

227 2017 387 2097 generalis
403 2015 619 2091 constituitur,
637 2026 669 2080 et
688 2017 773 2080 varia
797 2016 963 2098 privilegia
988 2015 1048 2097 ipsi
1072 2016 1315 2097 congregationi

226 2115 455 2186 conseruntur:
474 2115 644 2196 coepitque
664 2132 703 2181 ex
719 2123 793 2180 tuno
809 2116 916 2180 vocari
938 2117 1128 2196 congregatio
1146 2115 1315 2179 Berullaaa

228 2214 366 2278 Omtorii
382 2214 504 2278 Domini
522 2215 609 2278 lesu.

270 2313 367 2378 Paulo
395 2323 478 2393 post,
494 2329 551 2378 seu
580 2329 662 2394 pene
688 2312 726 2377 ah
753 2313 843 2377 initio
866 2313 1031 2378 institutae
1054 2314 1315 2394 congregationis

226 2412 363 2477 Oratorii
388 2413 511 2476 homini
533 2413 607 2477 lesu
631 2413 664 2475 in
687 2412 798 2488 Gallia,
817 2423 965 2496 coeptum
990 2413 1048 2476 luit
1069 2412 1119 2492 agl
1143 2413 1183 2475 de
1203 2413 1314 2476 eadem

225 2512 473 2592 congregatione
497 2511 658 2575 laudanda
680 2511 711 2574 in
736 2513 857 2592 Belgio.
876 2513 945 2588 Quo
970 2513 1001 2574 in
1021 2511 1160 2575 consilio
1186 2528 1315 2591 promo·

226 2610 329 2674 vendo
358 2626 432 2689 prae
458 2610 575 2674 ceteris
601 2609 715 2674 enituit
741 2609 909 2674 Cornelius
934 2610 1121 2681 lanscnius,
1150 2612 1316 2689 protessor

225 2725 336 2772 sacrae
353 2709 532 2787 theologiae
549 2705 691 2780 lovanii,
710 2717 821 2788 postea
845 2707 1022 2788 episcopus
1040 2707 1195 2786 iprensis,
1214 2723 1313 2786 agens

225 2807 307 2887 apud
326 2806 579 2870 illustrissimum
601 2806 764 2870 dominum
781 2805 924 2880 Boonen,
943 2805 1202 2870 Gandavensiom
1225 2805 1313 2884 prius

224 2921 262 2968 ac
284 2905 357 2968 dein
375 2903 652 2968 liechliniensium
676 2904 878 2984 episcopum,
896 2913 1087 2984 ceterosque
1106 2903 1207 2983 Belgii
1231 2903 1313 2968 anti·

225 3003 335 3076 stilos,
360 3014 426 3067 tum
453 3011 484 3068 et
510 3004 593 3084 apud
620 3003 847 3068 serenissimos
872 3003 1062 3067 archiduces
1091 3003 1254 3066 ailbertum
1282 3012 1314 3067 et

227 3103 402 3176 lsahellam,
420 3101 566 3184 aliosque
587 3103 673 3166 viros
698 3103 892 3184 praeclarus.
917 3103 1039 3176 Quibus
1062 3101 1177 3164 lactum
1201 3111 1262 3176 est,
1281 3109 1314 3166 ul

225 3201 414 3266 archiduces
441 3218 551 3266 mense
574 3199 721 3282 januario
748 3201 821 3264 armi
844 3201 924 3264 1619
948 3201 1057 3264 literas
1084 3199 1231 3265 dederint
1255 3217 1315 3280 pro

223 3300 418 3365 admittenda
441 3299 689 3382 congregatione
705 3317 762 3380 per
786 3299 937 3381 Belgium.
957 3299 1091 3363 Ohtenta
1109 3300 1168 3362 hac
1193 3299 1313 3362 admis-

226 3399 317 3464 sione
337 3399 620 3464 serenissimorum
642 3399 863 3472 archidncnm,
882 3399 998 3462 dilatus
1019 3397 1167 3479 equidem
1192 3408 1242 3461 est
1258 3398 1313 3461 ad-

224 3509 336 3564 ventus
354 3499 614 3578 presbyterorum
630 3495 767 3561 Oratorii
787 3497 911 3562 Domini
925 3499 1000 3562 1151
1017 3497 1050 3559 11
1069 3497 1226 3577 Belgium,
1243 3497 1313 3561 sire

223 3598 265 3660 oh
293 3595 481 3675 paucitatem
507 3597 729 3676 operariorum
757 3595 861 3660 diotae
884 3596 1158 3678 congregationis,
1183 3597 1249 3658 sire
1274 3612 1313 3659 ex

222 3696 283 3760 alia
299 3711 407 3767 causa,
427 3711 527 3775 usque
548 3693 588 3757 ad
604 3711 721 3758 anunm
738 3695 838 3769 1616;
864 3713 940 3776 nuo,
959 3695 1019 3758 suh
1042 3694 1166 3757 initium
1191 3691 1312 3756 mensis

220 3793 377 3867 octobris,
392 3793 456 3856 dno
473 3792 649 3872 presbyteri
665 3791 868 3870 (Franciscus
882 3793 1065 3874 Bourgoing
1082 3801 1113 3856 et
1126 3789 1311 3856 Clerinrdus

225 3892 425 3972 Praepavin),
454 3909 537 3955 unus
562 3889 702 3956 clericus
730 3891 992 3973 (symphorianus
1019 3891 1141 3972 Guyonl
1169 3899 1200 3953 et
1227 3906 1311 3954 unos
1356 3967 1357 3972 ἵ

223 3991 319 4056 irater
335 3991 482 4054 serviens
503 3990 550 4068 (N.
564 3990 604 4054 de
627 3990 656 4054 la
676 3991 792 4070 droia),
810 4008 882 4055 cum
907 3999 1162 4072 praememorato
1185 3987 1310 4052 archie-

223 4091 356 4172 piscopo
379 4088 599 4154 hleohliuieusi
621 4089 740 4155 laccho
767 4091 897 4155 Boonen
924 4089 1097 4155 Loranium
1130 4095 1307 4160 venerunt;

221 4191 352 4271 illisque
379 4189 515 4270 primum
543 4189 717 4270 hospitium
744 4190 803 4254 luit
829 4191 859 4252 11
887 4189 1023 4270 collegio
1049 4187 1243 4260 Sahaudico;
1277 4186 1308 4248 in
