3236 4952
705 417 889 480 -199-

250 597 426 676 magisterii
458 596 631 677 theologici
655 598 795 663 lauream
822 599 998 680 assumpsit
1021 600 1040 662 3
1067 600 1216 664 februarii
1245 600 1336 663 1601.

253 696 332 760 item
349 711 433 759 anno
461 695 541 758 1606
557 695 687 760 hovanii
704 696 883 776 primarius·
900 698 996 762 studii
1015 715 1130 778 regens
1146 709 1283 770 creatur,
1299 716 1339 764 ce

255 812 387 859 munere
401 795 530 859 iunctus
548 796 701 876 usquead
718 797 930 860 6666661616
942 798 1015 860 6661
1033 798 1210 878 sequentis.
1227 797 1340 863 Postea

254 911 345 967 nero,
373 893 520 957 arctioris
550 894 774 959 observantiae
803 896 952 974 cupidas,
981 897 1066 959 adita
1097 895 1208 969 Gallia,
1237 896 1340 962 haesit

253 994 428 1058 venerabili
460 995 540 1074 patri
570 994 758 1058 Sebastiano
789 993 965 1068 Michaelis,
997 995 1051 1075 qni
1078 995 1141 1074 jmn
1174 995 1277 1059 varias
1308 995 1340 1058 in

252 1093 386 1157 australi
417 1093 515 1156 Gallia
546 1094 727 1172 provincias
757 1093 795 1156 ad
827 1094 1006 1174 primigenii
1032 1095 1167 1158 instituti
1196 1111 1339 1158 normam

254 1192 449 1256 restituerat.
467 1191 650 1257 Exercistae
672 1192 813 1258 odicium
836 1209 898 1256 non
914 1193 1058 1273 segniter
1081 1194 1235 1268 exercuit,
1253 1193 1339 1273 quod

251 1307 293 1355 ex
315 1291 384 1370 ejus
406 1292 559 1370 oneribus
583 1293 692 1372 liquet,
721 1293 862 1372 dumque
890 1293 1045 1371 hogduna
1070 1293 1150 1355 iorte
1178 1293 1340 1366 transiret,

254 1391 338 1454 lecto
368 1391 530 1464 detentus,
558 1391 640 1454 vitae
668 1407 779 1471 magna
811 1393 842 1454 16
873 1394 969 1456 heum
997 1402 1028 1455 et
1055 1393 1202 1454 homines
1227 1391 1343 1470 pietate

257 1499 439 1554 transactae
467 1490 719 1570 apostolicisque
749 1491 914 1556 laboribus
949 1491 1043 1554 linem
1075 1491 1229 1569 irnoosuit
1258 1505 1342 1552 anno

255 1589 354 1663 1636ς
374 1589 491 1653 ibidem
507 1589 591 1670 apud
608 1607 686 1654 suos
703 1590 734 1652 io
751 1591 823 1652 aula
842 1590 1006 1670 capitulari
1024 1589 1205 1669 depositus.

298 1703 429 1768 Exstant
446 1704 532 1768 itlius
550 1725 558 1766 ε

273 1837 431 1901 16616
465 1839 704 1900 exorcismorum
740 1839 780 1900 ctl
807 1845 946 1900 aerariam
980 1836 1120 1899 Bolanum
1152 1836 1196 1917 (la
1227 1835 1347 1898 Sainte-

257 1933 403 2013 noune).
423 1935 580 2016 Lugduni,
601 1935 692 1998 1611.

298 2070 328 2132 a.
355 2070 492 2134 Historia
514 2067 702 2132 adrnirabilia
725 2048 883 2146 cujusdem
905 2070 987 2147 magi
999 2085 1056 2148 per
1078 2069 1348 2130 66616161666666·

252 2169 336 2238 nicii,
361 2173 460 2247 utpote
485 2166 666 2229 66661611
692 2167 791 2246 Aquis
816 2165 931 2230 Scaldis
957 2169 1025 2244 lhix
1049 2182 1087 2230 cn
1112 2166 1286 2240 Provence)
1313 2168 1346 2227 16

257 2267 525 2332 Gallo-Provincia
542 2265 737 2344 1661666111.
757 2265 899 2330 Lutetiae
916 2266 1126 2340 Parisiorum,
1145 2263 1237 2327 1613.

300 2433 417 2498 Paulus
432 2435 614 2506 Booaenins,
634 2432 784 2513 tnagister
807 2433 904 2497 studii
928 2431 967 2496 ab
984 2449 1068 2496 anno
1085 2430 1165 2493 1606
1190 2430 1346 2511 usquead

259 2531 351 2595 1013.

300 2697 430 2760 Thomna
451 2697 488 2759 66
509 2697 631 2769 Torrer,
649 2710 761 2759 sacrae
785 2694 965 2774 theologiae
988 2695 1103 2758 doctor
1123 2691 1346 2766 bononiensis,

258 2813 376 2876 regens
393 2795 565 2875 primarius
581 2811 598 2856 a
615 2793 633 2855 5
650 2793 831 2857 decembris
852 2793 926 2856 1601
946 2792 1101 2874 usquead
1120 2807 1237 2854 atinum
1254 2789 1346 2853 16111.

301 2893 440 2957 Thomas
463 2894 503 2956 de
518 2891 649 2963 Turres,
669 2891 796 2954 6611666
820 2891 995 2972 Hispanus,
1014 2892 1115 2970 patria
1138 2889 1346 2961 Matritensis.

259 3001 334 3072 post
351 2992 450 3071 prima
473 2989 712 3054 adolescentiae
735 2990 840 3053 studia
863 2989 1042 3054 institutum
1066 2989 1168 3054 sancti
1191 2987 1349 3052 Dominici

256 3091 426 3171 amplexus
442 3099 491 3155 661
508 3091 537 3152 16
557 3089 644 3170 regio
661 3099 819 3154 conventu
838 3099 969 3154 sanctae
987 3089 1105 3153 hieriae
1121 3089 1161 3152 de
1177 3088 1300 3153 htocha
1316 3087 1350 3150 16

258 3189 373 3271 patria.
399 3189 516 3253 Missus
540 3187 614 3252 inde
638 3186 841 3268 Complutum
865 3187 1350 3269 (11661666116666161666666

258 3289 427 3354 doctrinae
456 3289 536 3352 adeo
565 3288 711 3369 gnaviter
742 3287 896 3358 incubuit,
927 3285 1163 3352 6166661583
1192 3283 1349 3366 gymnasii

258 3387 447 3470 Gregoriani
473 3377 614 3450 Pinciani
637 3387 804 3450 sodalibus
829 3386 982 3450 meruerit
1004 3386 1182 3466 aggregari.
1203 3385 1348 3448 Philoso-

256 3487 372 3568 phicas
407 3486 524 3551 661666
560 3486 823 3567 theologicasque
853 3485 1043 3566 disciplinas
1074 3484 1171 3548 variis
1205 3484 1236 3545 in
1268 3482 1348 3548 locis

250 3571 374 3667 'magna
400 3603 473 3650 cum
497 3585 592 3652 laude
618 3587 747 3650 tradere
778 3593 809 3649 et
842 3585 1003 3664 explicare
1028 3584 1156 3647 vixdum
1183 3593 1347 3662 coeperat,

258 3685 386 3766 quanda
403 3685 552 3749 mandato
573 3684 757 3765 Hieronymi
773 3684 940 3758 liavierre,
957 3684 1120 3764 generalis
1142 3692 1207 3746 tum
1224 3681 1349 3746 ordinis

260 3785 417 3864 magistri,
437 3794 511 3864 post
533 3800 644 3849 sacrae
660 3783 823 3848 Romanae
839 3781 1003 3846 Ecclesiae
1025 3778 1351 3848 661616611616661-

253 3883 346 3962 gium
370 3883 491 3948 missus
513 3893 575 3959 est,
593 3891 627 3947 ut
651 3883 682 3944 in
699 3881 807 3945 studia
830 3879 1024 3946 Lovaniensi
1041 3879 1185 3960 regentis
1208 3877 1351 3959 primarii

261 3997 393 4045 munere
405 3980 605 4062 iungeretur.
618 3981 675 4044 Ubi
688 3996 764 4044 vero
777 3980 955 4044 66661606
965 3977 1349 4053 166661666616616661,

256 4095 335 4203 ¹mox
357 4080 512 4160 gradatim
532 4097 570 4144 ex
592 4078 784 4144 Academiae
806 4078 933 4161 legibus
958 4077 1232 4150 baccalaureatas,
1250 4076 1350 4141 licen-
