3130 4956
623 467 808 532 ..221-

170 661 297 710 summa
313 662 354 710 ex
369 645 588 712 devocatione
606 645 811 727 proveniens,
828 645 891 712 nisi
906 647 1000 716 aliter
1013 647 1046 714 in
1062 654 1253 718 testamento

168 753 223 810 aut
237 744 483 812 fundationibus
498 745 637 825 desuper
652 744 831 810 ordinatum
849 739 955 811 fuerit.

209 843 239 908 3.
257 845 349 910 llore
370 843 505 908 aliorum
525 843 774 924 pedagogiorum
790 843 936 910 instituet
951 845 983 910 iu
999 846 1146 927 portione
1162 863 1251 912 men-

169 959 236 1007 saro
254 943 452 1023 peculiarem
467 957 525 1023 pro
541 942 714 1022 magistris,
732 942 913 1008 distinctam
930 961 947 1008 a
963 945 1064 1026 prima
1082 962 1202 1020 mensa,
1218 954 1252 1011 ut

170 1041 316 1123 magistri
343 1041 499 1106 tenuioris
521 1040 728 1118 conditionis,
755 1041 807 1122 oui
835 1043 983 1122 portione
1009 1044 1150 1108 contenti
1179 1061 1253 1110 esse

169 1141 279 1216 velint,
292 1149 383 1205 tanto
397 1139 469 1221 plus
485 1138 620 1204 subsidii
636 1156 675 1204 ex
689 1139 863 1206 incitauliis
878 1141 1038 1222 accipiant
1053 1159 1111 1223 pro
1127 1141 1251 1211 studio-

171 1255 239 1303 rum
255 1238 514 1304 continuatione.

208 1337 239 1402 l.
256 1337 320 1404 Sex
345 1354 449 1401 anuos
474 1335 686 1412 continuos,a
711 1337 764 1403 die
793 1354 851 1403 sue
880 1338 1165 1406 administrationis
1190 1355 1248 1407 seu

168 1436 386 1510 admissionis,
411 1435 463 1516 qui
487 1435 545 1500 fuit
569 1435 631 1500 boc
652 1435 705 1502 dis
726 1447 778 1500 ιν
801 1436 986 1502 novembris
1001 1453 1146 1512 annoxr,
1160 1438 1247 1521 lxvii,

169 1535 382 1616 incipiendus,
398 1534 493 1599 modo
519 1534 662 1615 predicto
687 1535 863 1616 regentiam
892 1536 1127 1602 administrabit
1155 1545 1186 1604 el
1215 1537 1248 1602 in

168 1634 279 1699 eadem
305 1633 402 1698 domo
429 1632 640 1708 continuabit,
663 1633 753 1698 salvo
776 1642 880 1700 tamen
904 1635 988 1718 quod
1006 1635 1037 1700 in
1054 1635 1148 1702 tertio
1164 1653 1248 1703 anno

170 1734 304 1799 liberum
330 1735 392 1798 erit
417 1732 557 1797 facultati
582 1732 632 1797 vel
657 1732 719 1813 ipsi
742 1734 919 1800 contractui
946 1735 1020 1800 buic
1046 1736 1248 1816 arrogantie

170 1833 355 1898 renuntiare
377 1839 409 1897 et
428 1832 467 1895 ab
489 1847 528 1896 eo
550 1831 714 1904 recedere,
730 1832 788 1896 sed
811 1833 1017 1915 protegent
1040 1835 1088 1900 vel
1113 1833 1247 1900 facultas

168 1931 216 1994 vel
238 1931 311 2012 ipse
331 1929 492 2010 obligetur
513 1945 603 1994 suam
626 1929 900 1995 renunciationem
922 1932 1076 2011 comperti
1100 1949 1158 1998 sue
1174 1949 1247 2013 pre·

167 2030 276 2095 dicere
297 2045 355 2094 sex
377 2026 543 2094 mensibus
565 2035 639 2094 aute
661 2027 757 2093 duem
773 2028 913 2104 triennii,
931 2029 1048 2111 alioqui
1065 2033 1103 2094 ad
1120 2041 1245 2097 sextum

171 2145 270 2210 usque
285 2144 403 2192 annum
419 2127 613 2208 completum
630 2127 789 2208 utrimque
801 2127 937 2192 stabitur
948 2130 1137 2206 contractui,
1151 2131 1246 2196 sicuti

170 2227 199 2290 in
220 2227 293 2291 aliis
314 2226 533 2291 contractibus
548 2225 753 2302 locationum,
769 2225 832 2290 nisi
843 2227 950 2308 aliquo
966 2236 1110 2309 tempore
1125 2229 1157 2292 in
1173 2245 1246 2309 pos·

170 2333 270 2390 terum
286 2333 397 2390 mutuo
411 2341 572 2390 consensu
588 2323 789 2389 rescindatur
802 2333 997 2392 contractus.

207 2425 238 2487 tl.
251 2425 321 2489 llon
334 2424 452 2504 poterit
462 2433 536 2488 ante
548 2424 727 2504 exspiratos
738 2423 841 2488 dictos
854 2423 1144 2490 terminosdomum
1154 2425 1245 2491 alteri

168 2521 269 2587 locato
295 2521 435 2595 tradere,
465 2520 526 2585 nisi
557 2521 703 2587 facultate
732 2521 883 2602 requisita
910 2531 941 2588 ct
965 2523 1189 2589 consentiente
1213 2523 1245 2590 in

167 2621 370 2688 successoris
386 2635 569 2701 personam.

205 2720 235 2784 6.
253 2719 359 2785 Onera
374 2719 415 2784 de
430 2717 525 2784 dictis
540 2717 688 2783 domibus
702 2717 849 2784 exeuntia
866 2718 1027 2798 persolvet
1046 2719 1246 2799 temporibus

167 2819 296 2893 debitis,
319 2819 363 2881 ita
385 2826 420 2880 ut
441 2815 575 2881 facultas
595 2815 646 2881 vel
669 2816 823 2897 magistri,
847 2817 898 2882 vel
920 2817 1058 2882 bursarii
1074 2818 1189 2883 domus
1204 2817 1245 2882 ob

168 2916 339 2983 solutionis
359 2913 518 2981 defectum
534 2921 589 2978 aut
603 2913 861 2991 retardationem,
877 2915 981 2980 nullas
996 2915 1069 2982 lites
1083 2915 1245 2982 sustinere

167 3025 219 3082 aut
233 3016 340 3080 litium
355 3029 514 3092 expensas
530 3012 613 3077 ferre
628 3019 795 3091 cogantur.

207 3115 236 3178 l.
253 3111 407 3179 Aedilicia
423 3111 557 3192 predicti
570 3109 734 3191 pedagogil
750 3109 856 3174 omnia
871 3119 904 3176 et
917 3110 1054 3192 singula,
1072 3127 1135 3192 que
1149 3111 1247 3176 inter·

167 3211 309 3278 tenibilia
324 3219 429 3281 erunt,
448 3206 654 3274 intertenebit
668 3207 736 3272 suis
752 3208 914 3288 expensis,
931 3226 1020 3274 more
1035 3209 1109 3274 boni
1132 3199 1245 3290 patris2

167 3311 314 3387 familias,
341 3309 373 3371 in
398 3325 438 3373 eo
465 3315 560 3382 statu,
588 3305 620 3370 in
644 3323 708 3387 quo
734 3307 779 3370 illi
801 3307 978 3385 tradentur,
995 3308 1070 3373 dolo
1086 3316 1118 3372 et
1133 3308 1245 3375 fraude

167 3408 322 3483 seclusis;
335 3406 429 3472 salvo
443 3413 560 3478 lamen,
577 3405 662 3485 quod
678 3403 737 3469 bec
751 3403 897 3470 aedilicia
912 3406 1001 3486 prius
1017 3406 1196 3483 visitentur,
1213 3415 1244 3472 el

166 3517 229 3573 tum
249 3507 296 3571 illi
319 3505 484 3576 tradantur
499 3503 541 3566 ita
557 3513 704 3584 reparata
718 3511 750 3568 et
765 3503 796 3566 in
813 3519 852 3568 eo
868 3514 964 3579 statu,
982 3504 1075 3570 sicuti
1091 3506 1245 3572 hactenus

165 3615 195 3672 et
219 3605 391 3686 bucusque
416 3602 587 3667 intertenta
613 3608 645 3666 et
670 3610 814 3681 reparata
841 3618 899 3682 pro
925 3619 1014 3667 more
1040 3602 1115 3668 boni
1132 3602 1247 3682 patris·

167 3705 300 3768 familias
326 3717 401 3767 esse
425 3699 624 3765 debuissent.
653 3698 714 3762 Sed
740 3715 802 3779 que
824 3699 1052 3780 iudicabuntur
1078 3716 1140 3766 non
1169 3717 1245 3770 esse

167 3799 406 3873 interteuibilia‚
430 3797 484 3861 illa
502 3797 542 3861 dc
557 3812 641 3862 novo
656 3795 918 3862 instaurabuntur
932 3797 1155 3864 emolumentis
1172 3815 1244 3880 pro·

168 3898 369 3965 venientibus
384 3913 423 3961 ex
437 3895 606 3960 bursarum
622 3893 855 3970 vacabonibus,
869 3903 903 3960 ut
918 3911 1026 3976 supra.
1043 3895 1133 3972 Quod
1148 3897 1176 3962 si
1191 3897 1245 3965 illa

169 3999 382 4065 emolumenta
414 4010 478 4060 nou
514 3992 674 4059 sufficiant
701 3991 752 4058 vel
783 3993 869 4058 nulle
897 3993 1017 4060 fuerint
1044 3996 1249 4072 vacationes,

171 4096 431 4162 instaurabuntur
444 4091 598 4175 impensis
612 4089 747 4167 domus;
763 4090 860 4174 idque
872 4092 961 4175 justa
978 4093 1206 4166 discretionem
1218 4099 1251 4162 et

172 4195 337 4259 arbitrium
352 4190 551 4257 dominorum
567 4187 782 4271 provisorum.

251 4311 292 4356 rr.
