3032 4952
776 453 941 519 ,5ο-

352 632 448 698 Sacro
470 631 543 698 oleo
565 631 765 698 intirmorum
781 634 976 716 inungiturd
995 637 1179 704 novembris
1198 642 1209 702 t
1216 641 1293 717 116;
1314 659 1390 712 mox

309 742 342 798 et
356 747 484 799 eaerum
500 731 654 798 viaticum
671 733 795 814 recipit,
809 742 841 799 et
855 733 1017 816 Uitrajccti
1033 736 1116 802 diem
1128 737 1197 804 obit
1211 750 1388 810 extremum

309 833 362 899 die
388 831 426 896 18
454 831 634 898 decembris
661 832 818 913 sequenti.
845 831 960 898 ttortui
984 833 1133 912 eederet,
1160 838 1389 921 episcopaliter

309 932 466 1006 indutum,
492 931 575 996 duos
599 929 669 993 dies
693 929 821 1010 pubttee
845 930 878 993 in
907 931 1057 1008 eeclesia,
1074 951 1131 1000 scu
1158 936 1264 1017 potius
1290 942 1386 1006 catzii

307 1030 461 1104 oratorio,
477 1028 669 1110 expositum,
689 1037 855 1110 postquam
867 1029 992 1095 Cetrius
1007 1032 1159 1112 exequias
1174 1035 1384 1116 celebrasset,

308 1130 423 1212 injecta
449 1145 538 1194 more
566 1129 687 1209 patriae
708 1127 740 1191 in
766 1128 906 1194 locutum
929 1146 1021 1196 sacra
1043 1131 1153 1210 burno,
1177 1134 1248 1201 sine
1269 1154 1385 1220 pompa

306 1223 1382 1314 delatumfuitinWat·mond,baudproculabugdunoiiatavorum,

305 1327 412 1409 ibique
433 1327 596 1392 conditum
615 1325 647 1388 in
670 1326 820 1408 sepulcro
842 1328 1034 1394 venerabilis
1049 1332 1228 1397 sacerdotis
1250 1333 1382 1402 wilenrici

306 1427 440 1491 vander
454 1425 541 1490 drab
555 1434 587 1490 et
601 1423 732 1489 Gerardi
749 1424 973 1505 Potcampbte
989 1427 1029 1489 30
1041 1426 1222 1495 decembris
1237 1432 1318 1498 1710
1334 1435 1382 1499 in-

304 1525 435 1607 quisitio
451 1523 591 1589 Romana
607 1522 732 1590 censuit
745 1521 788 1596 ei,
805 1531 962 1604 quatenus
981 1525 1051 1590 sine
1066 1526 1171 1591 debita
1188 1531 1381 1608 poenitentia

303 1623 482 1689 decesserit
499 1631 554 1686 aut
573 1621 718 1693 decedat,
745 1621 931 1702 deneganda
953 1639 1029 1688 esse
1050 1639 1068 1688 a
1091 1623 1208 1690 Christi
1231 1628 1381 1698 fidelibus

304 1721 397 1788 soiita
415 1720 580 1801 suffragia,
603 1731 752 1800 tanquam
773 1721 897 1786 notorie
918 1720 1114 1787 inobedienti
1136 1734 1168 1789 et
1193 1727 1380 1796 refractario

299 1819 584 1886 coristitutionibus
606 1826 637 1884 et
662 1815 801 1887 decretis
826 1819 1026 1900 apostolicis,
1042 1829 1075 1886 et
1097 1821 1284 1902 privandum
1304 1843 1379 1894 esse

295 1919 516 1986 ecclesiastica
532 1917 709 1999 sepultura.
733 1915 851 1982 Eadem
873 1934 965 1983 sacra
985 1922 1192 2002 congregatio
1207 1923 1260 1988 die
1274 1925 1314 1990 ts
1330 1927 1379 2008 ja·

298 2019 399 2084 rtuarii
416 2017 491 2082 1111
520 2015 646 2082 censuit
670 2017 889 2097 supradictum
914 2016 1078 2082 decretum
1100 2019 1164 2085 diei
1187 2020 1227 2085 30
1248 2023 1378 2091 decem-

294 2117 362 2182 bris
378 2115 592 2181 iitdeditum
607 2131 681 2180 esso
696 2115 930 2196 exequendum.
1105 2127 1107 2132 ’

334 2216 452 2282 Confer
472 2216 585 2278 Tncon.
610 2213 655 2277 Iis
676 2213 767 2290 Goon,
786 2215 829 2278 be
843 2213 934 2278 Petro
952 2216 1050 2281 ceute
1064 2219 1127 2282 riae
1143 2219 1305 2298 codeces·
1319 2223 1374 2289 ubi

294 2315 384 2396 ptura
400 2331 439 2380 cx
453 2313 593 2381 ceddaei
609 2313 756 2394 epistolis
772 2314 945 2395 fragmenta
957 2315 1151 2382 referuntur.

335 2511 561 2587 «tetendit
588 2511 720 2592 Paquot,
749 2525 808 2574 son
835 2509 969 2590 pertrait
994 2510 1061 2576 tres
1088 2511 1161 2578 bien
1187 2514 1243 2579 iait
1264 2533 1305 2581 en
1328 2535 1371 2583 un

289 2613 380 2676 ovate
399 2613 439 2676 de
465 2610 543 2676 trois
565 2625 685 2690 pouces
708 2609 748 2673 de
771 2609 857 2681 baut,
880 2607 990 2689 grave',
1010 2626 1087 2675 avec
1105 2627 1160 2676 ses
1179 2629 1298 2690 armes,
1315 2619 1369 2697 qui

289 2723 363 2776 sont
376 2709 502 2791 «coupe
513 2709 620 2774 d'azur
630 2707 648 2772 d
660 2707 742 2772 deux
755 2723 900 2771 massues
913 2723 952 2772 cn
966 2708 1089 2773 sautoir
1099 2726 1178 2774 avec
1189 2729 1251 2778 une
1266 2713 1371 2781 ssecbe

288 2810 442 2884 derribre,
465 2820 498 2873 et
520 2809 560 2873 de
583 2805 740 2888 sinopici
756 2807 785 2869 ie
807 2806 896 2870 croix
916 2806 986 2871 d'or
1007 2824 1085 2873 avec
1099 2807 1183 2874 deux
1201 2810 1315 2878 etoiies
1328 2813 1370 2879 dc

289 2908 391 2973 meme
402 2908 420 2972 it
433 2908 480 2973 six
496 2907 637 2971 raisnbt
652 2905 826 2970 au-dessus
841 2923 847 2968 :
861 2907 964 2968 Notus
979 2907 1029 2969 dt'e
1040 2905 1079 2969 ‘tt
1092 2909 1261 2985 truuembris
1273 2912 1366 2978 1618.

287 3006 373 3072 Obiit
388 3006 426 3070 18
441 3005 605 3070 decembris
620 3004 711 3068 tttb.
729 3003 773 3066 bn
797 3003 855 3067 bas
873 3022 879 3064 :
897 3003 982 3066 pp...
1000 3023 1037 3068 uc
1054 3007 1162 3070 nec-⁸·
1186 3009 1237 3071 b*
1256 3011 1367 3076 Petrus

288 3105 400 3182 cedde,
421 3105 664 3186 archiepiscopus
678 3103 873 3178 sebastenus,
893 3121 952 3184 per
972 3105 1053 3183 seed.
1078 3105 1216 3186 septum
1234 3110 1368 3174 uiuamus

285 3205 489 3286 apostolicus;
504 3213 536 3268 et
553 3211 621 3274 tout
635 3217 675 3266 en
691 3199 749 3264 bas
766 3219 774 3258 :
793 3201 826 3263 P.
844 3200 878 3263 P.
896 3203 995 3265 Guusr
1008 3203 1106 3284 accip.
1128 3227 1142 3264 i

325 3367 376 3430 61.
400 3368 606 3430 Leoueuaurus
633 3364 767 3428 Cinorus
793 3365 837 3427 [is
866 3364 999 3438 becses,
1027 3365 1205 3434 Montensis
1236 3369 1362 3448 Hanno,

284 3481 368 3530 anno
385 3465 465 3529 1661
486 3482 504 3530 e
523 3466 635 3530 Castro
653 3462 685 3526 in
708 3463 830 3526 acubus
852 3463 978 3536 tertius,
1003 3463 1152 3530 absoluto
1174 3467 1207 3530 in
1226 3469 1364 3553 collegio

285 3564 399 3629 minori
415 3565 516 3629 sancti
529 3564 666 3645 Spiritus
681 3561 862 3640 theologiae
878 3579 988 3636 cursu,
1003 3563 1036 3627 in
1053 3564 1274 3646 philosophiae
1290 3587 1361 3650 pro·

282 3669 438 3729 t'essorem
453 3663 627 3730 assumitur
651 3672 723 3742 post
746 3661 914 3725 Martinum
936 3662 1201 3746 sequenturque
1223 3668 1262 3732 ad
1286 3685 1363 3734 cou-

280 3759 1360 3849 citiumt'acuttettsartiumadmittiturtujanuarittetbbocuitque

279 3861 397 3926 ibidem
421 3878 522 3942 usquc
540 3861 578 3924 ad
594 3875 711 3923 annum
727 3857 819 3920 tetii.
840 3857 931 3922 [dieii
951 3859 1053 3924 martii
1070 3861 1215 3927 teucria
1231 3864 1360 3944 privile-

278 3960 405 4038 giorum
442 3959 600 4024 tenuitatis
635 3958 751 4020 uitium
786 3957 1007 4020 canonicatum
1037 3959 1070 4023 in
1101 3962 1198 4042 regali
1226 3963 1358 4030 basilica

278 4058 529 4140 Aquisgranensi
545 4056 741 4128 obtinuerat:
758 4071 850 4134 quem
865 4067 974 4136 postea
993 4063 1110 4134 (coram
1122 4059 1245 4136 itariot,
1260 4063 1358 4144 1611-

278 4157 322 4220 nii
343 4157 431 4235 1691)
458 4173 530 4222 cum
556 4155 687 4220 domino
710 4152 877 4219 tinitieirno
904 4155 1012 4232 Wiidt,
1031 4173 1088 4222 sun
1110 4158 1142 4222 ic
1157 4161 1360 4240 professione
