3236 4952
725 419 912 486 -let-

452 646 562 710 Modus
577 643 817 706 administrandi
828 647 1011 724 perpolitum
1027 647 1181 704 mutuum.

316 809 446 892 Legavit
461 809 535 874 huic
551 807 688 889 collegio
705 807 856 890 magister
870 807 1011 872 loannes
1027 805 1200 880 Cauillono,
1218 805 1361 869 Amator-

274 910 451 984 damensis,
475 916 604 972 centum
628 922 783 972 recenses
808 906 969 980 semellia
992 913 1136 970 mutuum
1159 911 1360 984 perpetuum,

276 1009 451 1075 solvendos
477 1024 494 1072 a
518 1015 618 1070 matre
644 1022 714 1079 sua,
734 1015 767 1072 ut
793 1015 879 1087 patet
903 1005 934 1068 in
959 1013 1149 1069 testamento
1177 1003 1362 1083 conscripto

275 1125 333 1190 per
369 1109 404 1172 lt.
436 1105 642 1182 Arentioucl,
675 1113 836 1185 pastorem
874 1104 935 1168 divi
971 1104 1094 1178 laconi,
1127 1103 1159 1168 iu
1196 1099 1364 1167 novembri

277 1209 470 1272 annol5'l8.

323 1308 490 1372 Praeterea
513 1305 640 1388 quidam
663 1305 746 1370 alius
768 1306 873 1372 honus
895 1305 1018 1370 amicus
1038 1304 1186 1385 promisit
1207 1303 1364 1368 ducentos

277 1409 309 1471 in
337 1407 484 1472 eumdem
514 1422 624 1480 usum;
651 1422 690 1469 ex
711 1405 829 1486 quibus
855 1411 982 1469 centurn
1007 1404 1071 1484 iam
1096 1403 1204 1478 solvit,
1222 1401 1364 1482 reliquos

278 1506 428 1587 paulatim
452 1506 630 1578 soluturus,
658 1513 691 1568 ut
714 1513 799 1584 patet
825 1505 857 1568 iu
880 1504 1075 1585 obligatione
1099 1503 1181 1583 apud
1208 1501 1365 1567 notarium

279 1605 414 1679 wamel,
431 1605 490 1668 lrac
502 1604 541 1668 de
557 1620 591 1667 re
604 1604 686 1666 iacta
702 1620 786 1667 anuo
799 1603 890 1677 teta,
904 1603 957 1668 die
969 1603 1124 1684 vigesima
1138 1601 1262 1673 martii;
1281 1599 1364 1680 quod

280 1704 320 1769 de
335 1702 449 1768 eodem
473 1703 535 1766 isto
551 1701 653 1766 amico
675 1699 817 1781 loquitur
832 1702 864 1764 in
888 1701 1002 1782 plurali
1027 1718 1172 1774 numero,
1189 1700 1264 1782 quia
1288 1699 1367 1763 haec

280 1803 365 1868 dicta
388 1802 523 1882 pecunia
545 1817 562 1864 a
587 1801 731 1881 pluribus
757 1801 872 1865 collata
895 1815 945 1865 est
968 1802 1000 1864 in
1028 1817 1106 1865 usus
1131 1802 1311 1880 placentem
1336 1805 1369 1863 et

278 1901 339 1980 ipsi
361 1901 479 1980 placuit
502 1899 740 1980 inperpetuum
764 1907 908 1964 mutuum
932 1900 1006 1964 huic
1022 1899 1159 1980 collegio
1177 1899 1365 1964 transferre.

576 2115 622 2176 De
636 2120 741 2177 mutuo
752 2121 897 2196 perpetuo
913 2119 1071 2177 stolatum.

326 2277 463 2342 Pecunia
492 2277 591 2342 mutui
622 2279 767 2360 perpetui
794 2279 975 2344 seruabitur
1003 2295 1020 2343 a
1048 2278 1176 2343 domino
1208 2277 1367 2358 praeside,

283 2377 337 2458 qui
364 2377 395 2439 in
420 2376 549 2440 introitu
577 2393 637 2442 suo
659 2377 780 2458 iurabit
806 2395 842 2443 sc
867 2379 1011 2444 camdem
1036 2377 1205 2458 pecuniam
1233 2375 1369 2442 fideliter

282 2485 468 2540 curaturum
482 2491 519 2540 ac
534 2484 810 2546 conservaturum.
825 2494 863 2542 ex
877 2477 1008 2558 proprio
1020 2477 1241 2552 restituturum
1252 2477 1278 2539 si
1294 2474 1370 2556 quid

284 2592 342 2640 sua
358 2575 451 2654 culpa
467 2575 571 2639 eidem
587 2575 770 2656 deperierit.
788 2576 973 2642 Numerabit
988 2585 1093 2641 autem
1110 2594 1148 2642 ex
1164 2593 1200 2640 ea
1219 2591 1370 2658 procura·

284 2675 359 2751 tori,
377 2683 505 2756 recepto
521 2675 560 2737 ab
576 2691 614 2739 co
630 2677 865 2757 chyrographo,
883 2676 1010 2758 quotics
1029 2677 1090 2740 sibi
1107 2677 1211 2758 aliqua
1228 2673 1369 2757 provisio

285 2783 444 2855 oportune
461 2774 604 2839 iacienda
621 2775 689 2838 visa
706 2775 811 2841 inerit.

326 2873 372 2938 Nc
388 2883 492 2938 autem
517 2883 662 2938 mutuum
677 2874 761 2938 istud
778 2875 874 2939 simul
897 2875 961 2940 cito
977 2884 1137 2957 erogetur.
1156 2875 1282 2940 solvent
1298 2874 1369 2938 hur-

286 2973 363 3036 sarii
385 2973 417 3034 in
444 2971 513 3052 ejus
536 2973 771 3038 restitutionem
795 2973 931 3056 singulis
958 2975 1147 3054 septimanis
1173 2973 1292 3055 singuli
1315 2987 1372 3037 sex

286 3070 460 3152 stupheros
487 3071 558 3151 plus
584 3082 638 3136 aut
661 3073 779 3149 minus,
799 3084 892 3154 prout
920 3074 1052 3138 multum
1076 3083 1128 3138 aut
1145 3090 1258 3154 parum
1273 3071 1370 3138 resti·

287 3169 440 3234 tuendum
458 3171 563 3234 luerit.
1351 3245 1357 3252 ι

329 3268 360 3332 Si
392 3278 496 3333 nutem
519 3287 577 3352 per
606 3271 764 3336 dictorum
793 3288 849 3336 sex
871 3273 1097 3352 stupherorum
1130 3272 1371 3352 septimanalem

287 3369 542 3432 numerationem
573 3379 714 3434 mutuum
746 3369 839 3449 plene
868 3371 1050 3436 restitutum
1080 3388 1141 3435 uon
1173 3371 1277 3445 luerit,
1307 3379 1372 3434 tum

287 3468 371 3548 quod
397 3467 546 3544 defuerit,
563 3468 681 3548 singuli
704 3468 899 3549 supplebunt
915 3469 945 3532 iu
969 3479 1120 3550 computu
1140 3469 1371 3550 procuratoris,

288 3567 342 3646 qni
359 3565 392 3628 fit
415 3567 445 3628 in
463 3566 632 3630 Natiuitate
649 3567 772 3631 Domini
799 3577 830 3632 et
844 3567 977 3632 loannis
993 3567 1165 3648 Baptistae.
1183 3569 1251 3634 lluc
1267 3578 1373 3634 autem

289 3665 484 3746 intelligatur
500 3666 539 3730 dc
556 3665 607 3738 iis,
624 3676 787 3747 quactum
811 3667 1012 3732 invenientur
1034 3677 1237 3748 cousumpta,
1255 3685 1317 3732 non
1334 3669 1375 3734 de

288 3764 340 3838 iis,
358 3773 520 3844 quactum
538 3764 619 3828 forte
634 3775 729 3828 erunt
744 3775 861 3845 empta,
880 3766 935 3830 sed
953 3766 1059 3830 adhuc
1073 3766 1201 3830 intacta.

330 3863 430 3927 Porro
454 3863 485 3926 iu
512 3863 644 3928 introitu
668 3881 728 3928 suo
751 3864 905 3944 jnrabunt
928 3865 1044 3946 singuli
1071 3865 1208 3930 bursarii
1237 3883 1273 3931 se
1297 3867 1374 3930 nillil

288 3963 447 4028 bonorum
471 3979 603 4026 suornm
628 3963 699 4027 siue
721 3981 881 4028 consensu
906 3965 1065 4044 praesidis
1088 3982 1106 4029 e
1129 3965 1266 4046 collegio
1288 3963 1375 4030 abla-

289 4070 391 4128 turos.
419 4061 480 4126 nisi
503 4061 588 4142 quod
613 4063 687 4126 ltuic
709 4079 862 4138 sommae,
886 4067 1003 4144 [quam]
1027 4064 1154 4142 deberit,
1173 4064 1267 4144 plene
1282 4064 1375 4128 satis·

289 4160 436 4224 iecerint.
