<?xml version="1.0" encoding="UTF-8"?>
<!DOCTYPE html PUBLIC "-//W3C//DTD XHTML 1.0 Transitional//EN"
    "http://www.w3.org/TR/xhtml1/DTD/xhtml1-transitional.dtd">
<html xmlns="http://www.w3.org/1999/xhtml" xml:lang="en" lang="en">
 <head>
  <title>
</title>
<meta http-equiv="Content-Type" content="text/html;charset=utf-8" />
  <meta name='ocr-system' content='tesseract 3.04.00' />
  <meta name='ocr-capabilities' content='ocr_page ocr_carea ocr_par ocr_line ocrx_word'/>
</head>
<body>
  <div class='ocr_page' id='page_1' title='image "./documentsrelati01reusgoog/documentsrelati01reusgoog_0687.png"; bbox 0 0 3248 4954; ppageno 0'>
   <div class='ocr_carea' id='block_1_1' title="bbox 682 384 911 486">
    <p class='ocr_par' dir='ltr' id='par_1_1' title="bbox 682 384 911 486">
     <span class='ocr_line' id='line_1_1' title="bbox 682 384 911 486; baseline 0.017 -43"><span class='ocrx_word' id='word_1_1' title='bbox 682 384 911 486; x_wconf 72' lang='lat'>.‘&#39;¹¹³“</span> 
     </span>
    </p>
   </div>
   <div class='ocr_carea' id='block_1_2' title="bbox 271 561 1365 1634">
    <p class='ocr_par' dir='ltr' id='par_1_2' title="bbox 271 561 1362 846">
     <span class='ocr_line' id='line_1_2' title="bbox 316 561 1362 647; baseline 0.009 -22"><span class='ocrx_word' id='word_1_2' title='bbox 316 562 358 625; x_wconf 81' lang='lat' dir='ltr'>Et</span> <span class='ocrx_word' id='word_1_3' title='bbox 386 561 469 641; x_wconf 71' lang='lat' dir='ltr'>intro</span> <span class='ocrx_word' id='word_1_4' title='bbox 499 561 691 626; x_wconf 74' lang='lat' dir='ltr'><em>habebatur:</em></span> <span class='ocrx_word' id='word_1_5' title='bbox 719 563 756 626; x_wconf 87' lang='lat' dir='ltr'>Et</span> <span class='ocrx_word' id='word_1_6' title='bbox 782 580 832 628; x_wconf 88' lang='lat' dir='ltr'>me</span> <span class='ocrx_word' id='word_1_7' title='bbox 860 563 975 628; x_wconf 76' lang='lat' dir='ltr'>tonnus</span> <span class='ocrx_word' id='word_1_8' title='bbox 1006 583 1043 630; x_wconf 87' lang='lat' dir='ltr'>ue</span> <span class='ocrx_word' id='word_1_9' title='bbox 1071 565 1201 641; x_wconf 79' lang='lat' dir='ltr'>thsu,</span> <span class='ocrx_word' id='word_1_10' title='bbox 1232 567 1362 647; x_wconf 88' lang='lat' dir='ltr'>publico</span> 
     </span>
     <span class='ocr_line' id='line_1_3' title="bbox 274 661 1362 742; baseline 0.006 -16"><span class='ocrx_word' id='word_1_11' title='bbox 274 661 428 742; x_wconf 83' lang='lat' dir='ltr'>curiaque</span> <span class='ocrx_word' id='word_1_12' title='bbox 464 661 747 727; x_wconf 90' lang='lat' dir='ltr'>conservatoriaiis</span> <span class='ocrx_word' id='word_1_13' title='bbox 784 663 867 729; x_wconf 87' lang='lat' dir='ltr'>alme</span> <span class='ocrx_word' id='word_1_14' title='bbox 897 663 1122 732; x_wconf 88' lang='lat' dir='ltr'>Universitatis</span> <span class='ocrx_word' id='word_1_15' title='bbox 1151 665 1362 732; x_wconf 88' lang='lat' dir='ltr'>Lovauiensis</span> 
     </span>
     <span class='ocr_line' id='line_1_4' title="bbox 271 759 1256 846; baseline 0.004 -22"><span class='ocrx_word' id='word_1_16' title='bbox 271 759 362 841; x_wconf 85' lang='lat' dir='ltr'>juxta</span> <span class='ocrx_word' id='word_1_17' title='bbox 376 759 610 825; x_wconf 76' lang='lat' dir='ltr'>ordinationem</span> <span class='ocrx_word' id='word_1_18' title='bbox 628 761 747 843; x_wconf 87' lang='lat' dir='ltr'>regiam</span> <span class='ocrx_word' id='word_1_19' title='bbox 763 764 939 842; x_wconf 92' lang='lat' dir='ltr'>approbato</span> <span class='ocrx_word' id='word_1_20' title='bbox 955 773 987 828; x_wconf 88' lang='lat' dir='ltr'>et</span> <span class='ocrx_word' id='word_1_21' title='bbox 998 764 1104 846; x_wconf 77' lang='lat' dir='ltr'>iurato</span> <span class='ocrx_word' id='word_1_22' title='bbox 1120 765 1256 830; x_wconf 90' lang='lat' dir='ltr'>notario.</span> 
     </span>
    </p>

    <p class='ocr_par' dir='ltr' id='par_1_3' title="bbox 274 859 1362 1132">
     <span class='ocr_line' id='line_1_5' title="bbox 317 859 1361 946; baseline 0.004 -22"><span class='ocrx_word' id='word_1_23' title='bbox 317 859 359 924; x_wconf 67' lang='grc' dir='ltr'>Εἰ</span> <span class='ocrx_word' id='word_1_24' title='bbox 384 861 468 938; x_wconf 72' lang='lat' dir='ltr'>intro</span> <span class='ocrx_word' id='word_1_25' title='bbox 494 870 558 924; x_wconf 83' lang='lat' dir='ltr'>erut</span> <span class='ocrx_word' id='word_1_26' title='bbox 583 863 758 942; x_wconf 83' lang='lat' dir='ltr'>seriptum:</span> <span class='ocrx_word' id='word_1_27' title='bbox 785 861 878 926; x_wconf 83' lang='lat' dir='ltr'>Facta</span> <span class='ocrx_word' id='word_1_28' title='bbox 905 863 1077 929; x_wconf 91' lang='lat' dir='ltr'>collatione</span> <span class='ocrx_word' id='word_1_29' title='bbox 1103 881 1176 928; x_wconf 91' lang='lat' dir='ltr'>cum</span> <span class='ocrx_word' id='word_1_30' title='bbox 1199 863 1361 946; x_wconf 81' lang='lat' dir='ltr'>originali,</span> 
     </span>
     <span class='ocr_line' id='line_1_6' title="bbox 275 956 1362 1040; baseline 0.007 -20"><span class='ocrx_word' id='word_1_31' title='bbox 275 956 403 1022; x_wconf 85' lang='lat' dir='ltr'>inventa</span> <span class='ocrx_word' id='word_1_32' title='bbox 420 967 468 1022; x_wconf 90' lang='lat' dir='ltr'>est</span> <span class='ocrx_word' id='word_1_33' title='bbox 484 959 544 1022; x_wconf 87' lang='lat' dir='ltr'>hec</span> <span class='ocrx_word' id='word_1_34' title='bbox 558 959 650 1038; x_wconf 88' lang='lat' dir='ltr'>copia</span> <span class='ocrx_word' id='word_1_35' title='bbox 666 959 706 1024; x_wconf 89' lang='lat' dir='ltr'>de</span> <span class='ocrx_word' id='word_1_36' title='bbox 721 959 820 1024; x_wconf 90' lang='lat' dir='ltr'>verbo</span> <span class='ocrx_word' id='word_1_37' title='bbox 835 960 874 1024; x_wconf 93' lang='lat' dir='ltr'>ad</span> <span class='ocrx_word' id='word_1_38' title='bbox 890 962 1023 1026; x_wconf 91' lang='lat' dir='ltr'>verbum</span> <span class='ocrx_word' id='word_1_39' title='bbox 1040 963 1249 1028; x_wconf 87' lang='lat' dir='ltr'>concordare.</span> <span class='ocrx_word' id='word_1_40' title='bbox 1271 961 1362 1040; x_wconf 84' lang='lat' dir='ltr'>Quod</span> 
     </span>
     <span class='ocr_line' id='line_1_7' title="bbox 274 1058 959 1132; baseline 0.003 -12"><span class='ocrx_word' id='word_1_41' title='bbox 274 1065 435 1122; x_wconf 85' lang='lat' dir='ltr'>attestor:</span> <span class='ocrx_word' id='word_1_42' title='bbox 453 1059 510 1120; x_wconf 84' lang='lat' dir='ltr'>An.</span> <span class='ocrx_word' id='word_1_43' title='bbox 527 1058 671 1132; x_wconf 80' lang='lat' dir='ltr'>Tononita,</span> <span class='ocrx_word' id='word_1_44' title='bbox 690 1060 846 1124; x_wconf 88' lang='lat' dir='ltr'>notarius.</span> <span class='ocrx_word' id='word_1_45' title='bbox 956 1114 959 1122; x_wconf 87' lang='lat'>.</span> 
     </span>
    </p>

    <p class='ocr_par' dir='ltr' id='par_1_4' title="bbox 276 1154 1365 1434">
     <span class='ocr_line' id='line_1_8' title="bbox 317 1154 1363 1242; baseline 0.006 -24"><span class='ocrx_word' id='word_1_46' title='bbox 317 1154 495 1222; x_wconf 83' lang='lat' dir='ltr'>collatione</span> <span class='ocrx_word' id='word_1_47' title='bbox 517 1158 596 1222; x_wconf 87' lang='lat' dir='ltr'>lacta</span> <span class='ocrx_word' id='word_1_48' title='bbox 612 1175 684 1222; x_wconf 89' lang='lat' dir='ltr'>cum</span> <span class='ocrx_word' id='word_1_49' title='bbox 705 1159 797 1239; x_wconf 87' lang='lat' dir='ltr'>copia</span> <span class='ocrx_word' id='word_1_50' title='bbox 812 1161 1006 1236; x_wconf 87' lang='lat' dir='ltr'>authentica,</span> <span class='ocrx_word' id='word_1_51' title='bbox 1024 1177 1160 1240; x_wconf 84' lang='lat' dir='ltr'><strong>presens</strong></span> <span class='ocrx_word' id='word_1_52' title='bbox 1175 1161 1267 1242; x_wconf 91' lang='lat' dir='ltr'>copia</span> <span class='ocrx_word' id='word_1_53' title='bbox 1283 1177 1363 1226; x_wconf 89' lang='lat' dir='ltr'>ccu-</span> 
     </span>
     <span class='ocr_line' id='line_1_9' title="bbox 276 1256 1365 1341; baseline 0.006 -21"><span class='ocrx_word' id='word_1_54' title='bbox 276 1256 401 1332; x_wconf 89' lang='lat' dir='ltr'>cordat,</span> <span class='ocrx_word' id='word_1_55' title='bbox 428 1257 514 1336; x_wconf 93' lang='lat' dir='ltr'>quod</span> <span class='ocrx_word' id='word_1_56' title='bbox 539 1266 665 1323; x_wconf 89' lang='lat' dir='ltr'>testor:</span> <span class='ocrx_word' id='word_1_57' title='bbox 692 1257 750 1322; x_wconf 81' lang='lat' dir='ltr'>dn.</span> <span class='ocrx_word' id='word_1_58' title='bbox 777 1279 794 1322; x_wconf 75' lang='lat' dir='ltr'>a</span> <span class='ocrx_word' id='word_1_59' title='bbox 817 1259 907 1336; x_wconf 76' lang='lat' dir='ltr'>urvo,</span> <span class='ocrx_word' id='word_1_60' title='bbox 936 1259 1081 1326; x_wconf 86' lang='lat' dir='ltr'>notarius</span> <span class='ocrx_word' id='word_1_61' title='bbox 1107 1259 1305 1341; x_wconf 83' lang='lat' dir='ltr'>apostolicus</span> <span class='ocrx_word' id='word_1_62' title='bbox 1332 1269 1365 1326; x_wconf 84' lang='lat' dir='ltr'>et</span> 
     </span>
     <span class='ocr_line' id='line_1_10' title="bbox 279 1353 437 1434; baseline -0.006 -18"><span class='ocrx_word' id='word_1_63' title='bbox 279 1353 437 1434; x_wconf 92' lang='lat' dir='ltr'>publicus.</span> 
     </span>
    </p>

    <p class='ocr_par' dir='ltr' id='par_1_5' title="bbox 276 1451 1363 1634">
     <span class='ocr_line' id='line_1_11' title="bbox 318 1451 1363 1538; baseline 0.005 -21"><span class='ocrx_word' id='word_1_64' title='bbox 318 1451 542 1534; x_wconf 74' lang='lat' dir='ltr'>Superrrmptio</span> <span class='ocrx_word' id='word_1_65' title='bbox 559 1477 570 1515; x_wconf 92' lang='lat'>.·</span> <span class='ocrx_word' id='word_1_66' title='bbox 591 1454 748 1520; x_wconf 84' lang='lat' dir='ltr'>Fundatio</span> <span class='ocrx_word' id='word_1_67' title='bbox 770 1455 891 1518; x_wconf 91' lang='lat' dir='ltr'>domiui</span> <span class='ocrx_word' id='word_1_68' title='bbox 906 1455 1045 1521; x_wconf 88' lang='lat' dir='ltr'>Victoris</span> <span class='ocrx_word' id='word_1_69' title='bbox 1066 1456 1106 1521; x_wconf 90' lang='lat' dir='ltr'>de</span> <span class='ocrx_word' id='word_1_70' title='bbox 1121 1455 1289 1538; x_wconf 84' lang='lat' dir='ltr'>Slingbere</span> <span class='ocrx_word' id='word_1_71' title='bbox 1304 1471 1363 1538; x_wconf 90' lang='lat' dir='ltr'>pro</span> 
     </span>
     <span class='ocr_line' id='line_1_12' title="bbox 276 1549 715 1634; baseline 0.005 -20"><span class='ocrx_word' id='word_1_72' title='bbox 276 1549 295 1614; x_wconf 76' lang='lat'>2</span> <span class='ocrx_word' id='word_1_73' title='bbox 311 1550 420 1616; x_wconf 91' lang='lat' dir='ltr'>bursis</span> <span class='ocrx_word' id='word_1_74' title='bbox 436 1552 467 1615; x_wconf 92' lang='lat' dir='ltr'>in</span> <span class='ocrx_word' id='word_1_75' title='bbox 484 1553 621 1634; x_wconf 87' lang='lat' dir='ltr'>collegio</span> <span class='ocrx_word' id='word_1_76' title='bbox 636 1553 715 1617; x_wconf 87' lang='lat' dir='ltr'>Bali.</span> 
     </span>
    </p>
   </div>
   <div class='ocr_carea' id='block_1_3' title="bbox 721 1687 1363 1867">
    <p class='ocr_par' dir='ltr' id='par_1_6' title="bbox 721 1687 1363 1867">
     <span class='ocr_line' id='line_1_13' title="bbox 769 1687 1363 1773; baseline 0 -15"><span class='ocrx_word' id='word_1_77' title='bbox 769 1705 901 1759; x_wconf 82' lang='lat' dir='ltr'>Archivos</span> <span class='ocrx_word' id='word_1_78' title='bbox 913 1705 947 1759; x_wconf 81' lang='lat' dir='ltr'>tle</span> <span class='ocrx_word' id='word_1_79' title='bbox 958 1687 1042 1759; x_wconf 76' lang='lat' dir='ltr'>ltitat</span> <span class='ocrx_word' id='word_1_80' title='bbox 1061 1711 1078 1760; x_wconf 80' lang='lat' dir='ltr'>d</span> <span class='ocrx_word' id='word_1_81' title='bbox 1097 1706 1214 1773; x_wconf 78' lang='lat' dir='ltr'>Bruges.</span> <span class='ocrx_word' id='word_1_82' title='bbox 1230 1705 1363 1760; x_wconf 72' lang='lat' dir='ltr'>Archino·</span> 
     </span>
     <span class='ocr_line' id='line_1_14' title="bbox 721 1794 1321 1867; baseline 0.005 -19"><span class='ocrx_word' id='word_1_83' title='bbox 721 1794 954 1866; x_wconf 71' lang='lat' dir='ltr'>ecclesiastiquea,</span> <span class='ocrx_word' id='word_1_84' title='bbox 966 1801 1069 1867; x_wconf 83' lang='lat' dir='ltr'>paquat</span> <span class='ocrx_word' id='word_1_85' title='bbox 1080 1795 1116 1848; x_wconf 85' lang='lat'>77</span> <span class='ocrx_word' id='word_1_86' title='bbox 1130 1794 1234 1866; x_wconf 76' lang='lat'>(775³),</span> <span class='ocrx_word' id='word_1_87' title='bbox 1251 1803 1281 1848; x_wconf 91' lang='lat' dir='ltr'>n⁰</span> <span class='ocrx_word' id='word_1_88' title='bbox 1294 1797 1321 1851; x_wconf 85' lang='lat'>4.</span> 
     </span>
    </p>
   </div>
   <div class='ocr_carea' id='block_1_4' title="bbox 306 1969 1333 2130">
    <p class='ocr_par' dir='ltr' id='par_1_7' title="bbox 306 1969 1333 2130">
     <span class='ocr_line' id='line_1_15' title="bbox 306 1969 1333 2052; baseline 0.004 -17"><span class='ocrx_word' id='word_1_89' title='bbox 306 1981 331 2052; x_wconf 82' lang='lat' dir='ltr'>b)</span> <span class='ocrx_word' id='word_1_90' title='bbox 345 1982 436 2036; x_wconf 75' lang='lat' dir='ltr'>Lattrc</span> <span class='ocrx_word' id='word_1_91' title='bbox 447 1987 487 2036; x_wconf 82' lang='lat' dir='ltr'>du</span> <span class='ocrx_word' id='word_1_92' title='bbox 498 1969 657 2049; x_wconf 67' lang='lat' dir='ltr'>profectior</span> <span class='ocrx_word' id='word_1_93' title='bbox 670 1985 771 2038; x_wconf 80' lang='lat' dir='ltr'>Mtcttcl</span> <span class='ocrx_word' id='word_1_94' title='bbox 784 1991 818 2038; x_wconf 84' lang='lat' dir='ltr'>de</span> <span class='ocrx_word' id='word_1_95' title='bbox 830 1985 896 2051; x_wconf 74' lang='lat' dir='ltr'>Bou</span> <span class='ocrx_word' id='word_1_96' title='bbox 913 1992 931 2040; x_wconf 85' lang='lat' dir='ltr'>o</span> <span class='ocrx_word' id='word_1_97' title='bbox 950 1987 1038 2040; x_wconf 83' lang='lat' dir='ltr'>Victor</span> <span class='ocrx_word' id='word_1_98' title='bbox 1050 1991 1084 2039; x_wconf 80' lang='lat' dir='ltr'>dtr</span> <span class='ocrx_word' id='word_1_99' title='bbox 1097 1984 1252 2051; x_wconf 77' lang='lat' dir='ltr'>Stinpltm.</span> <span class='ocrx_word' id='word_1_100' title='bbox 1265 1989 1333 2039; x_wconf 74' lang='lat' dir='ltr'>curt</span> 
     </span>
     <span class='ocr_line' id='line_1_16' title="bbox 720 2075 912 2130; baseline 0.01 -2"><span class='ocrx_word' id='word_1_101' title='bbox 720 2075 912 2130; x_wconf 77' lang='lat' dir='ltr'>d&#39;Oostburcb.</span> 
     </span>
    </p>
   </div>
   <div class='ocr_carea' id='block_1_5' title="bbox 682 2215 952 2270">
    <p class='ocr_par' dir='ltr' id='par_1_8' title="bbox 682 2215 952 2270">
     <span class='ocr_line' id='line_1_17' title="bbox 682 2215 952 2270; baseline -0.004 0"><span class='ocrx_word' id='word_1_102' title='bbox 682 2215 714 2270; x_wconf 91' lang='grc'>31</span> <span class='ocrx_word' id='word_1_103' title='bbox 738 2217 849 2270; x_wconf 79' lang='lat' dir='ltr'>octobre</span> <span class='ocrx_word' id='word_1_104' title='bbox 872 2215 952 2270; x_wconf 84' lang='lat'>1575.</span> 
     </span>
    </p>
   </div>
   <div class='ocr_carea' id='block_1_6' title="bbox 272 2335 1367 4198">
    <p class='ocr_par' dir='ltr' id='par_1_9' title="bbox 272 2335 1367 4198">
     <span class='ocr_line' id='line_1_18' title="bbox 318 2335 1365 2416; baseline -0.002 -16"><span class='ocrx_word' id='word_1_105' title='bbox 318 2335 517 2400; x_wconf 87' lang='lat' dir='ltr'>Venerabilis</span> <span class='ocrx_word' id='word_1_106' title='bbox 539 2336 668 2400; x_wconf 91' lang='lat' dir='ltr'>dominc</span> <span class='ocrx_word' id='word_1_107' title='bbox 691 2337 825 2402; x_wconf 82' lang='lat' dir='ltr'>decane.</span> <span class='ocrx_word' id='word_1_108' title='bbox 851 2338 946 2402; x_wconf 83' lang='lat' dir='ltr'>Facta</span> <span class='ocrx_word' id='word_1_109' title='bbox 971 2337 1222 2416; x_wconf 78' lang='lat' dir='ltr'>proclamatione</span> <span class='ocrx_word' id='word_1_110' title='bbox 1250 2337 1365 2399; x_wconf 89' lang='lat' dir='ltr'>reduc-</span> 
     </span>
     <span class='ocr_line' id='line_1_19' title="bbox 275 2435 1364 2516; baseline 0 -18"><span class='ocrx_word' id='word_1_111' title='bbox 275 2435 374 2500; x_wconf 78' lang='lat' dir='ltr'>tionis</span> <span class='ocrx_word' id='word_1_112' title='bbox 398 2435 579 2498; x_wconf 71' lang='lat' dir='ltr'>reddituum</span> <span class='ocrx_word' id='word_1_113' title='bbox 602 2452 699 2516; x_wconf 91' lang='lat' dir='ltr'>super</span> <span class='ocrx_word' id='word_1_114' title='bbox 723 2436 884 2500; x_wconf 87' lang='lat' dir='ltr'>civitatem</span> <span class='ocrx_word' id='word_1_115' title='bbox 907 2435 1197 2516; x_wconf 83' lang='lat' dir='ltr'>dtrtwerpiensem‚</span> <span class='ocrx_word' id='word_1_116' title='bbox 1216 2446 1364 2516; x_wconf 86' lang='lat' dir='ltr'>receptor</span> 
     </span>
     <span class='ocr_line' id='line_1_20' title="bbox 274 2533 1365 2614; baseline -0.001 -16"><span class='ocrx_word' id='word_1_117' title='bbox 274 2533 401 2613; x_wconf 87' lang='lat' dir='ltr'>collegii</span> <span class='ocrx_word' id='word_1_118' title='bbox 428 2533 606 2597; x_wconf 86' lang='lat' dir='ltr'>Sabaudiae</span> <span class='ocrx_word' id='word_1_119' title='bbox 632 2535 796 2614; x_wconf 89' lang='lat' dir='ltr'>proiectus</span> <span class='ocrx_word' id='word_1_120' title='bbox 822 2535 1039 2614; x_wconf 81' lang='lat' dir='ltr'>Arttwerpiam</span> <span class='ocrx_word' id='word_1_121' title='bbox 1068 2533 1211 2598; x_wconf 82' lang='lat' dir='ltr'>exhibuit</span> <span class='ocrx_word' id='word_1_122' title='bbox 1242 2533 1365 2598; x_wconf 80' lang='lat' dir='ltr'>litteras</span> 
     </span>
     <span class='ocr_line' id='line_1_21' title="bbox 275 2631 1364 2714; baseline 0 -18"><span class='ocrx_word' id='word_1_123' title='bbox 275 2633 456 2698; x_wconf 84' lang='lat' dir='ltr'>reddituum</span> <span class='ocrx_word' id='word_1_124' title='bbox 473 2633 618 2712; x_wconf 78' lang='lat' dir='ltr'>eiusdem</span> <span class='ocrx_word' id='word_1_125' title='bbox 643 2633 769 2714; x_wconf 89' lang='lat' dir='ltr'>collegii</span> <span class='ocrx_word' id='word_1_126' title='bbox 786 2650 859 2697; x_wconf 91' lang='lat' dir='ltr'>cum</span> <span class='ocrx_word' id='word_1_127' title='bbox 882 2634 999 2696; x_wconf 84' lang='lat' dir='ltr'>littaris</span> <span class='ocrx_word' id='word_1_128' title='bbox 1025 2632 1076 2696; x_wconf 89' lang='lat' dir='ltr'>bic</span> <span class='ocrx_word' id='word_1_129' title='bbox 1093 2649 1150 2712; x_wconf 90' lang='lat' dir='ltr'>per</span> <span class='ocrx_word' id='word_1_130' title='bbox 1172 2641 1203 2696; x_wconf 90' lang='lat' dir='ltr'>te</span> <span class='ocrx_word' id='word_1_131' title='bbox 1218 2631 1257 2694; x_wconf 91' lang='lat' dir='ltr'>ad</span> <span class='ocrx_word' id='word_1_132' title='bbox 1281 2648 1364 2710; x_wconf 90' lang='lat' dir='ltr'>opus</span> 
     </span>
     <span class='ocr_line' id='line_1_22' title="bbox 276 2731 1362 2814; baseline -0.002 -18"><span class='ocrx_word' id='word_1_133' title='bbox 276 2748 451 2814; x_wconf 87' lang='lat' dir='ltr'>pauperum</span> <span class='ocrx_word' id='word_1_134' title='bbox 488 2731 708 2796; x_wconf 90' lang='lat' dir='ltr'>studiosorum</span> <span class='ocrx_word' id='word_1_135' title='bbox 745 2731 982 2812; x_wconf 83' lang='lat' dir='ltr'>transportatis,</span> <span class='ocrx_word' id='word_1_136' title='bbox 1020 2749 1092 2795; x_wconf 90' lang='lat' dir='ltr'>cum</span> <span class='ocrx_word' id='word_1_137' title='bbox 1129 2731 1362 2811; x_wconf 85' lang='lat' dir='ltr'>protestatione</span> 
     </span>
     <span class='ocr_line' id='line_1_23' title="bbox 273 2829 1362 2912; baseline -0.003 -17"><span class='ocrx_word' id='word_1_138' title='bbox 273 2830 373 2912; x_wconf 84' lang='lat' dir='ltr'>quod,</span> <span class='ocrx_word' id='word_1_139' title='bbox 387 2831 414 2894; x_wconf 94' lang='lat' dir='ltr'>si</span> <span class='ocrx_word' id='word_1_140' title='bbox 427 2830 572 2894; x_wconf 90' lang='lat' dir='ltr'>reductio</span> <span class='ocrx_word' id='word_1_141' title='bbox 585 2830 617 2892; x_wconf 95' lang='lat' dir='ltr'>in</span> <span class='ocrx_word' id='word_1_142' title='bbox 633 2830 703 2893; x_wconf 88' lang='lat' dir='ltr'>aliis</span> <span class='ocrx_word' id='word_1_143' title='bbox 720 2847 909 2894; x_wconf 88' lang='lat' dir='ltr'>successum</span> <span class='ocrx_word' id='word_1_144' title='bbox 923 2847 986 2892; x_wconf 89' lang='lat' dir='ltr'>uon</span> <span class='ocrx_word' id='word_1_145' title='bbox 1000 2829 1124 2905; x_wconf 84' lang='lat' dir='ltr'>habeat,</span> <span class='ocrx_word' id='word_1_146' title='bbox 1140 2847 1198 2892; x_wconf 90' lang='lat' dir='ltr'>nos</span> <span class='ocrx_word' id='word_1_147' title='bbox 1213 2829 1362 2892; x_wconf 88' lang='lat' dir='ltr'>nolumus</span> 
     </span>
     <span class='ocr_line' id='line_1_24' title="bbox 275 2927 1363 3010; baseline -0.002 -18"><span class='ocrx_word' id='word_1_148' title='bbox 275 2927 496 3010; x_wconf 87' lang='lat' dir='ltr'>praejudicare</span> <span class='ocrx_word' id='word_1_149' title='bbox 510 2928 719 3008; x_wconf 79' lang='lat' dir='ltr'>pauperibus:</span> <span class='ocrx_word' id='word_1_150' title='bbox 733 2928 839 3002; x_wconf 83' lang='lat' dir='ltr'>scd,si</span> <span class='ocrx_word' id='word_1_151' title='bbox 855 2927 907 2992; x_wconf 89' lang='lat' dir='ltr'>alii</span> <span class='ocrx_word' id='word_1_152' title='bbox 920 2928 1199 3002; x_wconf 69' lang='lat' dir='ltr'>corrscntiantnos</span> <span class='ocrx_word' id='word_1_153' title='bbox 1213 2927 1363 2991; x_wconf 86' lang='lat' dir='ltr'>nolumus</span> 
     </span>
     <span class='ocr_line' id='line_1_25' title="bbox 274 3025 1363 3108; baseline -0.003 -16"><span class='ocrx_word' id='word_1_154' title='bbox 274 3027 469 3092; x_wconf 88' lang='lat' dir='ltr'>ordinationi</span> <span class='ocrx_word' id='word_1_155' title='bbox 486 3026 711 3108; x_wconf 85' lang='lat' dir='ltr'>gubernatoris</span> <span class='ocrx_word' id='word_1_156' title='bbox 727 3027 891 3092; x_wconf 90' lang='lat' dir='ltr'>resistere.</span> <span class='ocrx_word' id='word_1_157' title='bbox 908 3025 1064 3090; x_wconf 83' lang='lat' dir='ltr'>btediante</span> <span class='ocrx_word' id='word_1_158' title='bbox 1081 3044 1141 3108; x_wconf 92' lang='lat' dir='ltr'>qua</span> <span class='ocrx_word' id='word_1_159' title='bbox 1155 3025 1363 3101; x_wconf 88' lang='lat' dir='ltr'>exhibitione,</span> 
     </span>
     <span class='ocr_line' id='line_1_26' title="bbox 276 3125 1366 3206; baseline 0 -18"><span class='ocrx_word' id='word_1_160' title='bbox 276 3126 420 3190; x_wconf 89' lang='lat' dir='ltr'>redditus</span> <span class='ocrx_word' id='word_1_161' title='bbox 443 3125 671 3206; x_wconf 83' lang='lat' dir='ltr'>quinquaginta</span> <span class='ocrx_word' id='word_1_162' title='bbox 695 3127 903 3190; x_wconf 83' lang='lat' dir='ltr'>rhenensium</span> <span class='ocrx_word' id='word_1_163' title='bbox 927 3125 1080 3190; x_wconf 89' lang='lat' dir='ltr'>reductus</span> <span class='ocrx_word' id='word_1_164' title='bbox 1096 3136 1146 3190; x_wconf 89' lang='lat' dir='ltr'>est</span> <span class='ocrx_word' id='word_1_165' title='bbox 1169 3126 1206 3188; x_wconf 87' lang='lat' dir='ltr'>ad</span> <span class='ocrx_word' id='word_1_166' title='bbox 1229 3125 1366 3206; x_wconf 91' lang='lat' dir='ltr'>quadra-</span> 
     </span>
     <span class='ocr_line' id='line_1_27' title="bbox 272 3225 1367 3307; baseline 0 -19"><span class='ocrx_word' id='word_1_167' title='bbox 272 3225 361 3307; x_wconf 87' lang='lat' dir='ltr'>ginta</span> <span class='ocrx_word' id='word_1_168' title='bbox 384 3225 574 3300; x_wconf 87' lang='lat' dir='ltr'>rbenenses‚</span> <span class='ocrx_word' id='word_1_169' title='bbox 599 3228 787 3307; x_wconf 81' lang='lat' dir='ltr'>accepitque</span> <span class='ocrx_word' id='word_1_170' title='bbox 811 3243 869 3306; x_wconf 90' lang='lat' dir='ltr'>pro</span> <span class='ocrx_word' id='word_1_171' title='bbox 895 3225 1039 3306; x_wconf 88' lang='lat' dir='ltr'>proximo</span> <span class='ocrx_word' id='word_1_172' title='bbox 1062 3242 1145 3288; x_wconf 79' lang='lat' dir='ltr'>arrrrc</span> <span class='ocrx_word' id='word_1_173' title='bbox 1169 3242 1306 3290; x_wconf 88' lang='lat' dir='ltr'>cessuro</span> <span class='ocrx_word' id='word_1_174' title='bbox 1330 3241 1367 3288; x_wconf 83' lang='lat' dir='ltr'>xx</span> 
     </span>
     <span class='ocr_line' id='line_1_28' title="bbox 276 3323 1366 3404; baseline -0.002 -17"><span class='ocrx_word' id='word_1_175' title='bbox 276 3324 465 3389; x_wconf 88' lang='lat' dir='ltr'>rhenenses.</span> <span class='ocrx_word' id='word_1_176' title='bbox 498 3324 653 3388; x_wconf 82' lang='lat' dir='ltr'>Redditus</span> <span class='ocrx_word' id='word_1_177' title='bbox 694 3325 808 3389; x_wconf 89' lang='lat' dir='ltr'>vitales</span> <span class='ocrx_word' id='word_1_178' title='bbox 838 3323 1015 3388; x_wconf 88' lang='lat' dir='ltr'>secundum</span> <span class='ocrx_word' id='word_1_179' title='bbox 1053 3323 1197 3387; x_wconf 90' lang='lat' dir='ltr'>eamdem</span> <span class='ocrx_word' id='word_1_180' title='bbox 1229 3339 1366 3404; x_wconf 91' lang='lat' dir='ltr'>propor-</span> 
     </span>
     <span class='ocr_line' id='line_1_29' title="bbox 275 3421 1364 3504; baseline -0.003 -16"><span class='ocrx_word' id='word_1_181' title='bbox 275 3423 396 3488; x_wconf 91' lang='lat' dir='ltr'>tionem</span> <span class='ocrx_word' id='word_1_182' title='bbox 412 3423 536 3487; x_wconf 89' lang='lat' dir='ltr'>reducti</span> <span class='ocrx_word' id='word_1_183' title='bbox 553 3435 640 3498; x_wconf 86' lang='lat' dir='ltr'>sunt,</span> <span class='ocrx_word' id='word_1_184' title='bbox 659 3439 773 3503; x_wconf 82' lang='lat' dir='ltr'>rrempe</span> <span class='ocrx_word' id='word_1_185' title='bbox 795 3423 936 3504; x_wconf 88' lang='lat' dir='ltr'>quinque</span> <span class='ocrx_word' id='word_1_186' title='bbox 958 3422 997 3486; x_wconf 89' lang='lat' dir='ltr'>ad</span> <span class='ocrx_word' id='word_1_187' title='bbox 1013 3434 1161 3503; x_wconf 91' lang='lat' dir='ltr'>quatuor.</span> <span class='ocrx_word' id='word_1_188' title='bbox 1180 3421 1294 3485; x_wconf 83' lang='lat' dir='ltr'>Factus</span> <span class='ocrx_word' id='word_1_189' title='bbox 1314 3430 1364 3485; x_wconf 89' lang='lat' dir='ltr'>est</span> 
     </span>
     <span class='ocr_line' id='line_1_30' title="bbox 276 3517 1364 3603; baseline -0.003 -17"><span class='ocrx_word' id='word_1_190' title='bbox 276 3521 369 3587; x_wconf 88' lang='lat' dir='ltr'>etiam</span> <span class='ocrx_word' id='word_1_191' title='bbox 400 3531 503 3586; x_wconf 87' lang='lat' dir='ltr'>status</span> <span class='ocrx_word' id='word_1_192' title='bbox 533 3522 709 3603; x_wconf 90' lang='lat' dir='ltr'>recipiendi</span> <span class='ocrx_word' id='word_1_193' title='bbox 740 3534 843 3586; x_wconf 87' lang='lat' dir='ltr'>restas</span> <span class='ocrx_word' id='word_1_194' title='bbox 874 3521 1034 3602; x_wconf 90' lang='lat' dir='ltr'>antiquas,</span> <span class='ocrx_word' id='word_1_195' title='bbox 1065 3519 1207 3599; x_wconf 87' lang='lat' dir='ltr'>exceptis</span> <span class='ocrx_word' id='word_1_196' title='bbox 1236 3517 1364 3583; x_wconf 90' lang='lat' dir='ltr'>duobus</span> 
     </span>
     <span class='ocr_line' id='line_1_31' title="bbox 274 3618 1366 3701; baseline -0.002 -17"><span class='ocrx_word' id='word_1_197' title='bbox 274 3621 384 3694; x_wconf 92' lang='lat' dir='ltr'>annis;</span> <span class='ocrx_word' id='word_1_198' title='bbox 409 3637 491 3701; x_wconf 89' lang='lat' dir='ltr'>quae</span> <span class='ocrx_word' id='word_1_199' title='bbox 517 3633 623 3688; x_wconf 86' lang='lat' dir='ltr'>restae</span> <span class='ocrx_word' id='word_1_200' title='bbox 649 3638 706 3701; x_wconf 90' lang='lat' dir='ltr'>per</span> <span class='ocrx_word' id='word_1_201' title='bbox 732 3621 900 3686; x_wconf 86' lang='lat' dir='ltr'>duodecim</span> <span class='ocrx_word' id='word_1_202' title='bbox 924 3636 1028 3686; x_wconf 91' lang='lat' dir='ltr'>annos</span> <span class='ocrx_word' id='word_1_203' title='bbox 1055 3619 1231 3691; x_wconf 90' lang='lat' dir='ltr'>solventur,</span> <span class='ocrx_word' id='word_1_204' title='bbox 1259 3618 1366 3682; x_wconf 90' lang='lat' dir='ltr'>dando</span> 
     </span>
     <span class='ocr_line' id='line_1_32' title="bbox 275 3713 1367 3800; baseline -0.005 -17"><span class='ocrx_word' id='word_1_205' title='bbox 275 3719 448 3800; x_wconf 91' lang='lat' dir='ltr'>quotannis</span> <span class='ocrx_word' id='word_1_206' title='bbox 477 3719 607 3785; x_wconf 89' lang='lat' dir='ltr'>circiter</span> <span class='ocrx_word' id='word_1_207' title='bbox 635 3736 729 3784; x_wconf 81' lang='lat' dir='ltr'>xxvm</span> <span class='ocrx_word' id='word_1_208' title='bbox 765 3721 956 3784; x_wconf 86' lang='lat' dir='ltr'>rhenenscs.</span> <span class='ocrx_word' id='word_1_209' title='bbox 989 3717 1237 3798; x_wconf 86' lang='lat' dir='ltr'>Recepisscmus</span> <span class='ocrx_word' id='word_1_210' title='bbox 1271 3713 1367 3780; x_wconf 80' lang='lat' dir='ltr'>cnam</span> 
     </span>
     <span class='ocr_line' id='line_1_33' title="bbox 276 3814 1366 3894; baseline -0.006 -12"><span class='ocrx_word' id='word_1_211' title='bbox 276 3817 476 3883; x_wconf 86' lang='lat' dir='ltr'>dimidiatum</span> <span class='ocrx_word' id='word_1_212' title='bbox 492 3835 609 3882; x_wconf 91' lang='lat' dir='ltr'>annum</span> <span class='ocrx_word' id='word_1_213' title='bbox 626 3835 796 3884; x_wconf 87' lang='lat' dir='ltr'>cessurum</span> <span class='ocrx_word' id='word_1_214' title='bbox 815 3819 855 3882; x_wconf 90' lang='lat' dir='ltr'>de</span> <span class='ocrx_word' id='word_1_215' title='bbox 870 3817 1050 3882; x_wconf 87' lang='lat' dir='ltr'>redditibus</span> <span class='ocrx_word' id='word_1_216' title='bbox 1071 3814 1233 3889; x_wconf 87' lang='lat' dir='ltr'>vitalibus,</span> <span class='ocrx_word' id='word_1_217' title='bbox 1251 3825 1366 3894; x_wconf 74' lang='lat' dir='ltr'>nempe</span> 
     </span>
     <span class='ocr_line' id='line_1_34' title="bbox 275 3911 1363 3990; baseline -0.002 -11"><span class='ocrx_word' id='word_1_218' title='bbox 275 3934 345 3980; x_wconf 81' lang='lat' dir='ltr'>cxxi</span> <span class='ocrx_word' id='word_1_219' title='bbox 371 3917 549 3984; x_wconf 89' lang='lat' dir='ltr'>rhenenses</span> <span class='ocrx_word' id='word_1_220' title='bbox 578 3925 632 3981; x_wconf 88' lang='lat' dir='ltr'>aut</span> <span class='ocrx_word' id='word_1_221' title='bbox 657 3917 798 3990; x_wconf 86' lang='lat' dir='ltr'>circiter.</span> <span class='ocrx_word' id='word_1_222' title='bbox 826 3917 855 3980; x_wconf 93' lang='lat' dir='ltr'>si</span> <span class='ocrx_word' id='word_1_223' title='bbox 884 3916 1110 3980; x_wconf 87' lang='lat' dir='ltr'>habuissemus</span> <span class='ocrx_word' id='word_1_224' title='bbox 1141 3911 1363 3978; x_wconf 85' lang='lat' dir='ltr'>testimouium</span> 
     </span>
     <span class='ocr_line' id='line_1_35' title="bbox 274 4011 1364 4094; baseline -0.003 -14"><span class='ocrx_word' id='word_1_225' title='bbox 274 4015 359 4081; x_wconf 87' lang='lat' dir='ltr'>vitae</span> <span class='ocrx_word' id='word_1_226' title='bbox 373 4025 511 4081; x_wconf 87' lang='lat' dir='ltr'>vestrae.</span> <span class='ocrx_word' id='word_1_227' title='bbox 525 4017 738 4092; x_wconf 87' lang='lat' dir='ltr'>Quamobrem</span> <span class='ocrx_word' id='word_1_228' title='bbox 754 4033 825 4094; x_wconf 88' lang='lat' dir='ltr'>oro,</span> <span class='ocrx_word' id='word_1_229' title='bbox 840 4026 874 4080; x_wconf 91' lang='lat' dir='ltr'>ut</span> <span class='ocrx_word' id='word_1_230' title='bbox 889 4013 1040 4080; x_wconf 87' lang='lat' dir='ltr'>dominus</span> <span class='ocrx_word' id='word_1_231' title='bbox 1050 4021 1142 4080; x_wconf 91' lang='lat' dir='ltr'>curet</span> <span class='ocrx_word' id='word_1_232' title='bbox 1155 4011 1224 4078; x_wconf 87' lang='lat' dir='ltr'>lieri</span> <span class='ocrx_word' id='word_1_233' title='bbox 1238 4011 1364 4077; x_wconf 70' lang='lat' dir='ltr'>littera!</span> 
     </span>
     <span class='ocr_line' id='line_1_36' title="bbox 273 4111 1364 4198; baseline -0.003 -20"><span class='ocrx_word' id='word_1_234' title='bbox 273 4131 383 4181; x_wconf 89' lang='lat' dir='ltr'>coram</span> <span class='ocrx_word' id='word_1_235' title='bbox 413 4115 557 4182; x_wconf 89' lang='lat' dir='ltr'>scabinis</span> <span class='ocrx_word' id='word_1_236' title='bbox 586 4117 649 4182; x_wconf 91' lang='lat' dir='ltr'>loci</span> <span class='ocrx_word' id='word_1_237' title='bbox 679 4116 740 4190; x_wconf 88' lang='lat' dir='ltr'>sui,</span> <span class='ocrx_word' id='word_1_238' title='bbox 771 4115 889 4198; x_wconf 88' lang='lat' dir='ltr'>quibus</span> <span class='ocrx_word' id='word_1_239' title='bbox 918 4115 980 4198; x_wconf 92' lang='lat' dir='ltr'>ipsi</span> <span class='ocrx_word' id='word_1_240' title='bbox 1009 4121 1169 4180; x_wconf 90' lang='lat' dir='ltr'>testantur</span> <span class='ocrx_word' id='word_1_241' title='bbox 1197 4111 1364 4178; x_wconf 89' lang='lat' dir='ltr'>dominum</span> 
     </span>
    </p>
   </div>
   <div class='ocr_carea' id='block_1_7' title="bbox 0 0 1628 4954">
    <p class='ocr_par' dir='ltr' id='par_1_10' title="bbox 0 0 1628 4954">
     <span class='ocr_line' id='line_1_37' title="bbox 0 0 1628 4954; baseline 0 0"><span class='ocrx_word' id='word_1_242' title='bbox 0 0 1628 4954; x_wconf 95' lang='lat' dir='ltr'> </span> 
     </span>
    </p>
   </div>
  </div>
 </body>
</html>
