3186 4942
676 421 860 485 -361-

265 601 358 668 Certe
370 603 613 684 ligmundanum
630 602 724 667 bonis
740 601 844 667 literis
860 601 1003 683 iniquum
1020 601 1133 678 luisse,
1151 603 1307 685 quidquid

223 701 256 764 in
279 718 352 766 cum
372 701 551 782 iactaverit,
568 701 721 765 Erasmus
744 717 808 764 non
832 701 984 766 ostendit.
1003 701 1161 766 Metuebat
1183 703 1250 778 ille,
1269 719 1309 768 ne

225 800 383 881 politioris
406 801 590 866 literaturae
613 801 744 866 obtentu
768 817 850 864 nova
874 799 1160 880 periculosissimis
1184 811 1307 884 tempo-

223 899 314 964 ribus
330 900 475 964 doctrina
492 899 634 980 Belgium
650 901 827 973 invaderet,
847 899 891 963 uti
914 899 1031 963 lactum
1047 900 1133 963 alibi.
1152 901 1190 964 Et
1212 918 1307 982 quam

224 1015 288 1063 non
304 1015 406 1062 vanus
423 999 484 1063 iste
500 1009 604 1063 uretus
620 997 727 1072 fucrit,
745 1016 785 1062 ex
801 999 905 1064 turbis
920 999 1105 1063 consecutis
1123 1001 1232 1078 patuit.

265 1095 1306 1180 ObiitligmundanusincollegiosuorumhovaniihSJuliild‘dd,

224 1197 413 1262 blechliniae
428 1197 461 1259 in
477 1197 643 1276 capitulari
664 1197 715 1262 sui
731 1207 910 1262 conventus
932 1198 1004 1261 aulu
1019 1198 1166 1276 sepultus
1189 1197 1308 1279 insigni

223 1295 435 1376 sarcophago,
477 1313 573 1377 quem
613 1296 750 1361 rebelles
790 1296 955 1371 haeretiei,
993 1305 1086 1377 capta
1125 1295 1307 1372 Mechlinia,

222 1393 392 1459 diruerunt
406 1410 491 1459 anno
509 1395 600 1458 1580.

263 1508 352 1573 lilius
367 1519 444 1574 sunt
461 1534 468 1572 :

263 1625 292 1686 l.
319 1624 425 1688 Oratio
441 1626 548 1688 hahita
562 1626 602 1688 od
615 1630 717 1705 patres
734 1625 767 1686 e'n
783 1625 915 1706 capitulo
927 1625 1110 1706 prouinciali
1132 1645 1212 1690 anno
1229 1627 1310 1690 latet

220 1731 438 1804 conpr·epatus;

264 1839 294 1902 h.
319 1841 547 1904 praelectiones
595 1840 798 1916 amdenicae,
843 1855 978 1921 quarum
1028 1855 1125 1920 saepe
1167 1840 1311 1906 meminit

223 1937 394 2013 Erasmus;

263 2055 299 2118 3.·
317 2053 481 2118 Sermones
496 2055 533 2117 de
547 2060 683 2136 tempore
697 2061 727 2117 et
741 2055 778 2117 de
792 2055 920 2130 sanctis,
934 2052 1106 2128 Bruxellis,
1120 2053 1308 2120 lleahliniae

221 2163 253 2218 et
268 2153 399 2218 Louanii
415 2153 532 2229 habiti;

262 2269 293 2332 t.
318 2270 475 2334 censurae
499 2273 532 2332 tn
555 2270 676 2333 Nonam
703 2269 929 2333 Testamentum
950 2269 1094 2341 Er·asma';
1116 2269 1147 2330 in
1172 2269 1308 2347 eiusdem

219 2371 363 2434 Mariam.
381 2368 443 2433 Sed
460 2369 539 2433 haec
554 2370 631 2433 olim
647 2385 665 2432 a
680 2367 803 2432 loanne
815 2369 934 2432 Pascha
948 2367 1089 2432 Lovanio
1106 2367 1308 2432 hleohliniam

222 2467 316 2530 allata
346 2467 471 2546 periere
500 2483 585 2531 anno
614 2467 707 2542 1580,
739 2475 862 2532 vastato
892 2466 932 2529 ab
961 2465 1133 2530 haereticis
1162 2463 1308 2530 Carmelo

223 2563 459 2629 hleohlinicnsi.

227 2719 229 2723 .
265 2683 279 2720 a
298 2662 345 2728 be
366 2663 499 2727 Nicolao
524 2663 682 2728 Bacchem
708 2664 750 2728 de
770 2661 936 2744 Egmunda
962 2663 1063 2726 iertur
1084 2661 1183 2742 quod,
1208 2677 1307 2742 quum

223 2760 392 2840 quemdam
414 2761 602 2826 dehortatus
623 2761 738 2826 luisset
759 2761 799 2825 ab
815 2762 963 2842 ingressu
987 2760 1156 2840 religionis
1179 2776 1309 2826 monas·

223 2859 315 2934 ticae,
339 2867 371 2922 ct
393 2866 505 2939 postca
526 2874 565 2922 ex
584 2859 810 2940 theologorum
832 2859 989 2924 sententia
1012 2858 1180 2924 didicisset
1195 2876 1231 2925 se
1251 2859 1310 2924 ob·

224 2958 353 3022 noxium
378 2957 587 3033 restitutioni,
604 2958 685 3021 nihil
707 2967 862 3034 moratus,
885 2958 1032 3039 quamvis
1054 2966 1141 3022 esset
1164 2959 1310 3039 philoso⁴

223 3058 318 3138 plaiae
341 3056 508 3136 prolessor
532 3065 564 3120 ct
589 3057 621 3119 in
647 3057 778 3121 sacculo
800 3057 990 3132 honoratus,
1015 3055 1224 3136 semetipsum
1249 3073 1308 3139 pro

222 3156 403 3237 illaquam
425 3163 596 3233 averterat,
614 3155 680 3220 ilco
704 3156 832 3232 obtulit,
849 3155 1051 3220 carmelitani
1073 3155 1198 3220 ordinis
1214 3155 1310 3222 insti-

223 3264 324 3320 tutum
340 3253 551 3334 amplectens.

263 3377 281 3413 »
297 3354 400 3429 Quum
425 3353 598 3433 aliquando
629 3353 841 3434 ldiddelhurgi
868 3353 900 3416 in
926 3353 1051 3418 abbatia
1077 3352 1307 3434 hospitaretur,

222 3455 316 3519 Petro
339 3471 356 3518 a
378 3453 516 3534 Capella,
533 3453 650 3528 abbati,
667 3454 837 3535 instigator
859 3453 917 3518 luit
930 3453 1183 3518 introducendae
1205 3451 1309 3518 resor-

222 3553 384 3626 mationis,
409 3569 470 3633 qua
497 3569 561 3617 non
588 3553 684 3617 modo
708 3553 900 3633 proprietas,
929 3561 1084 3633 quaeest
1110 3551 1308 3617 monasticae

220 3652 304 3716 vitae
319 3652 500 3716 certissima
525 3652 637 3731 pestis,
655 3652 712 3716 sed
729 3662 760 3717 et
775 3652 881 3716 omnis
896 3651 1023 3732 species
1045 3650 1253 3732 proprietatis
1268 3666 1308 3716 ex

222 3766 261 3814 eo
276 3757 422 3830 tempore
438 3750 512 3815 inde
530 3751 657 3830 penitus
672 3751 795 3814 sublata
811 3758 872 3815 est.

263 3848 366 3912 »Vidi
390 3849 645 3923 Seboonhoriac,
664 3849 704 3913 ad
726 3849 925 3926 carmelitae,
941 3848 1158 3931 praelectiones
1182 3846 1252 3928 eius
1274 3847 1308 3910 in

221 3953 335 4029 septem
369 3948 533 4012 catholicas
579 3949 731 4031 apathiae
773 3947 872 4013 nitide
907 3947 1100 4029 descriptas.
1139 3946 1201 4010 Sed
1242 3961 1308 4009 non

221 4046 353 4110 dubium
376 4055 437 4122 est,
461 4047 537 4128 quin
561 4047 794 4114 haereticorum
820 4047 911 4112 torar
932 4064 989 4112 cas
1012 4045 1197 4128 perdiderit.
1222 4042 1309 4110 Obiit

223 4145 353 4210 hovanii
368 4161 454 4210 anno
469 4145 562 4224 theo,
580 4146 632 4212 die
654 4145 694 4209 tl
709 4145 850 4228 augusti,
868 4146 1052 4210 inhumatus
1067 4143 1258 4211 bleohliniae
1273 4142 1307 4207 in
