3186 4942
691 396 814 474 -317
838 431 878 442 -

239 591 353 643 sacrae
379 576 559 658 theologiae
585 577 699 650 lector,
723 577 888 642 seminarii
912 593 1041 659 regens,
1065 577 1165 642 variis
1191 577 1223 640 in
1246 577 1333 643 locis

240 674 341 756 prior,
358 684 391 740 et
404 674 539 738 actualis
556 675 740 754 provinciae
760 675 924 752 delinitor,
940 691 1026 740 anno
1041 675 1156 740 aetatis
1170 675 1236 749 63⁰,
1256 693 1329 756 uro

243 773 397 840 fessionis
423 773 487 852 39⁰,
515 773 688 838 sacerdotii
715 774 817 837 37⁰.»
846 775 931 842 haec
957 773 1171 856 Necrolocium
1194 775 1329 842 comacli

243 875 483 956 Antuerpiensia,
502 892 532 956 p.
551 873 623 950 357,
640 875 703 937 col.
721 875 749 938 b.

283 1006 475 1072 lancelinus
490 1025 510 1069 o
523 1012 631 1069 sortclo
646 1007 802 1072 Ludouico
816 1017 852 1073 ct
870 1009 1065 1072 Herrnormus
1087 1025 1108 1071 o
1127 1014 1234 1074 aortclo
1249 1008 1335 1072 nen-v

239 1105 305 1182 rico
327 1121 453 1170 sacram
476 1103 670 1184 theologiam
696 1105 876 1171 docuerunt
899 1104 938 1169 ab
953 1121 1039 1170 anno
1064 1103 1143 1169 1764
1166 1105 1204 1169 ad
1225 1105 1331 1170 minus

243 1205 397 1288 usquead
415 1220 533 1268 artuum
550 1202 643 1268 1768.

281 1336 433 1418 tlosephus
458 1355 476 1398 o
501 1343 606 1400 sancho
631 1337 829 1416 Hieronymo,
861 1335 892 1399 in
920 1336 1052 1401 saeculo
1083 1336 1198 1416 Verba,
1228 1336 1328 1400 bova·

242 1433 378 1509 niensis,
391 1451 502 1498 sacras
516 1435 714 1515 Scriptorum
730 1434 900 1514 explicavit
922 1434 962 1498 ab
977 1450 1063 1498 anno
1080 1435 1159 1498 1766
1175 1434 1214 1499 ad
1235 1435 1331 1511 1778,

241 1533 371 1616 quando
396 1544 582 1614 assumptus
609 1533 667 1598 luit
691 1533 730 1596 ad
758 1533 932 1600 triennium
960 1531 992 1597 in
1023 1534 1162 1614 priorem
1192 1533 1326 1603 carmeli

241 1632 473 1699 Bruxeliensis.

283 1863 415 1946 Paquot,
433 1864 514 1927 dans
529 1881 583 1929 sas
600 1865 686 1928 Fasti
700 1865 868 1928 academici
883 1864 1097 1946 morracmiptr',
1115 1865 1178 1929 uite
1200 1864 1332 1946 hocine

238 1961 314 2044 cinq
330 1979 371 2028 on
395 1964 444 2027 six
462 1979 554 2038 rioms
576 1962 616 2027 de
631 1960 762 2027 Garmes
777 1961 937 2027 chausses
951 1972 1045 2042 ayant
1067 1962 1223 2043 enseigne
1244 1964 1325 2029 dans

240 2059 271 2126 le
299 2071 438 2126 convent
466 2060 507 2126 de
542 2059 837 2126 Saluto-catherine
872 2058 890 2124 h
922 2059 1075 2124 hourain.
1106 2059 1195 2125 Nous
1224 2077 1330 2128 avons

238 2159 353 2224 ecesse
380 2171 470 2224 notre
500 2159 573 2224 liste
601 2176 640 2223 au
672 2173 786 2240 moyen
812 2159 853 2223 dc
880 2159 1160 2240 renseigncmonts
1186 2157 1322 2240 pulses:

240 2259 272 2322 1ο
286 2259 367 2324 dans
383 2260 413 2324 le
427 2259 642 2339 Nemalouium
657 2264 820 2322 coerceas
835 2261 970 2338 [rutrum
985 2258 1189 2323 coloeotorum
1205 2261 1325 2324 ordinis

240 2359 276 2422 lt.
299 2359 332 2422 V.
350 2361 469 2426 Murice
490 2359 527 2423 de
541 2361 645 2425 Monte
668 2356 807 2422 eumen
829 2359 913 2422 crota
937 2358 1149 2422 arumnensis
1173 2377 1192 2420 o
1213 2359 1325 2437 [urteo-

236 2457 317 2521 lione
331 2459 463 2540 eusdem
478 2459 655 2522 monosterii
673 2475 755 2520 curro
773 2475 806 2520 rr.
822 2475 869 2520 uc.
887 2475 966 2520 xtrx.
983 2457 1185 2538 adpraesens
1206 2464 1327 2538 tempus

236 2573 333 2637 usque
353 2558 547 2637 productum,
572 2556 749 2620 manuscrit
776 2567 808 2620 n⁰
832 2555 893 2618 205
922 2555 963 2620 de
987 2556 1015 2618 la
1040 2553 1261 2636 bibliotheque
1285 2555 1325 2620 de

237 2651 441 2719 l’llnivcrsite
455 2657 638 2736 catholicoe
660 2656 701 2720 de
718 2655 857 2719 Louvain
881 2655 939 2732 (les
956 2653 1028 2717 laits
1044 2651 1161 2718 relates
1183 2653 1265 2719 daos
1284 2671 1322 2720 oe

239 2753 416 2817 manuscrit
444 2763 520 2818 vont
546 2753 691 2834 jusqu’au
719 2753 758 2816 al
788 2751 959 2816 decembre
989 2751 1096 2828 llsbt3
1127 2750 1161 2812 9⁰
1186 2752 1268 2818 daos
1294 2752 1325 2817 le

239 2849 411 2934 necrologe
426 2853 467 2916 dn
485 2865 623 2916 convent
638 2853 695 2917 dos
711 2855 843 2917 carmes
858 2849 1015 2916 chausses
1030 2851 1198 2928 d'hnvers
1215 2850 1327 2932 publie

237 2949 318 3014 dans
335 2951 382 3016 les
398 2951 489 3032 Grus-
505 2970 542 3016 en
557 2950 817 3033 cedmhrchrellen
831 2969 892 3015 oco
904 2951 944 3015 ec
955 2951 1111 3032 bromme
1124 2950 1324 3034 Aoum,

237 3047 274 3123 V,
292 3051 484 3132 Autonoen,
503 3049 669 3127 Kloostera,
686 3069 739 3133 pp.
756 3049 910 3124 339-35'l;
935 3048 1021 3115 eolln
1037 3049 1070 3112 3⁰
1085 3049 1166 3114 dans
1189 3049 1218 3114 la
1234 3050 1327 3114 riche

234 3149 407 3214 collection
430 3151 470 3215 de
497 3151 606 3216 theses
629 3151 686 3216 des
708 3150 875 3216 dillerents
897 3151 1012 3214 ordros
1035 3148 1191 3230 religieux
1212 3148 1325 3214 delen*

235 3247 328 3326 dues,
343 3265 405 3313 aux
416 3262 491 3314 nutu
502 3259 534 3315 et
550 3261 635 3314 xrrrr
649 3251 779 3326 siecles‚
794 3245 1010 3321 ahouvaima
1027 3247 1174 3321 halices,
1187 3246 1205 3312 a
1217 3247 1322 3321 (iane.

235 3345 254 3412 a
279 3347 448 3429 Bruges‚h
474 3349 685 3418 bruxellash
709 3348 814 3430 Liege
837 3347 855 3412 a
879 3348 1054 3412 Namurct
1078 3345 1160 3412 dans
1182 3345 1324 3410 d'autres

233 3445 327 3510 uilles
349 3448 389 3512 rie
414 3449 442 3512 la
459 3447 622 3530 Belgium,
640 3449 694 3530 qui
717 3449 819 3514 exista
843 3447 907 3511 ala
927 3444 1147 3526 bibliotheque
1170 3445 1211 3510 de
1225 3445 1324 3509 l'llni-

234 3548 357 3614 versite
373 3550 413 3616 de
430 3549 584 3616 Louvnin.
