<?xml version="1.0" encoding="UTF-8"?>
<!DOCTYPE html PUBLIC "-//W3C//DTD XHTML 1.0 Transitional//EN"
    "http://www.w3.org/TR/xhtml1/DTD/xhtml1-transitional.dtd">
<html xmlns="http://www.w3.org/1999/xhtml" xml:lang="en" lang="en">
 <head>
  <title>
</title>
<meta http-equiv="Content-Type" content="text/html;charset=utf-8" />
  <meta name='ocr-system' content='tesseract 3.04.00' />
  <meta name='ocr-capabilities' content='ocr_page ocr_carea ocr_par ocr_line ocrx_word'/>
</head>
<body>
  <div class='ocr_page' id='page_1' title='image "./documentsrelati01reusgoog/documentsrelati01reusgoog_1085.png"; bbox 0 0 3232 4942; ppageno 0'>
   <div class='ocr_carea' id='block_1_1' title="bbox 0 4190 4 4846">
    <p class='ocr_par' dir='ltr' id='par_1_1' title="bbox 0 4190 4 4846">
     <span class='ocr_line' id='line_1_1' title="bbox 0 4190 4 4846; baseline 0 0"><span class='ocrx_word' id='word_1_1' title='bbox 0 4190 4 4846; x_wconf 95' lang='lat' dir='ltr'> </span> 
     </span>
    </p>
   </div>
   <div class='ocr_carea' id='block_1_2' title="bbox 307 904 1394 980">
    <p class='ocr_par' dir='ltr' id='par_1_2' title="bbox 307 904 1394 980">
     <span class='ocr_line' id='line_1_2' title="bbox 307 904 1394 980; baseline -0.006 0"><span class='ocrx_word' id='word_1_2' title='bbox 307 909 370 980; x_wconf 84' lang='lat'>60.</span> <span class='ocrx_word' id='word_1_3' title='bbox 390 907 556 979; x_wconf 55' lang='lat' dir='ltr'>&amp;nubea</span> <span class='ocrx_word' id='word_1_4' title='bbox 577 927 625 978; x_wconf 86' lang='lat' dir='ltr'>ou</span> <span class='ocrx_word' id='word_1_5' title='bbox 644 906 814 978; x_wconf 81' lang='lat' dir='ltr'>douvmu</span> <span class='ocrx_word' id='word_1_6' title='bbox 834 927 899 978; x_wconf 83' lang='lat' dir='ltr'>nes</span> <span class='ocrx_word' id='word_1_7' title='bbox 919 907 1158 978; x_wconf 81' lang='lat' dir='ltr'>Dommmams</span> <span class='ocrx_word' id='word_1_8' title='bbox 1178 904 1394 976; x_wconf 74' lang='lat' dir='ltr'>leuandam.</span> 
     </span>
    </p>
   </div>
   <div class='ocr_carea' id='block_1_3' title="bbox 507 1133 1195 1216">
    <p class='ocr_par' dir='ltr' id='par_1_3' title="bbox 507 1133 1195 1216">
     <span class='ocr_line' id='line_1_3' title="bbox 507 1133 1195 1216; baseline 0.001 -20"><span class='ocrx_word' id='word_1_9' title='bbox 507 1133 569 1216; x_wconf 64' lang='lat' dir='ltr'>§b</span> <span class='ocrx_word' id='word_1_10' title='bbox 587 1169 620 1180; x_wconf 93' lang='lat'>-</span> <span class='ocrx_word' id='word_1_11' title='bbox 649 1133 776 1214; x_wconf 68' lang='lat' dir='ltr'>Orinine</span> <span class='ocrx_word' id='word_1_12' title='bbox 796 1142 826 1197; x_wconf 90' lang='lat' dir='ltr'>et</span> <span class='ocrx_word' id='word_1_13' title='bbox 847 1135 972 1200; x_wconf 75' lang='lat' dir='ltr'><em>histoire</em></span> <span class='ocrx_word' id='word_1_14' title='bbox 994 1135 1036 1198; x_wconf 84' lang='lat' dir='ltr'>da</span> <span class='ocrx_word' id='word_1_15' title='bbox 1058 1141 1195 1198; x_wconf 84' lang='lat' dir='ltr'>convent.</span> 
     </span>
    </p>
   </div>
   <div class='ocr_carea' id='block_1_4' title="bbox 380 1329 1316 1398">
    <p class='ocr_par' dir='ltr' id='par_1_4' title="bbox 380 1329 1316 1398">
     <span class='ocr_line' id='line_1_4' title="bbox 380 1329 1316 1398; baseline -0.002 -13"><span class='ocrx_word' id='word_1_16' title='bbox 380 1333 410 1398; x_wconf 83' lang='lat' dir='ltr'>a)</span> <span class='ocrx_word' id='word_1_17' title='bbox 430 1331 544 1385; x_wconf 75' lang='lat' dir='ltr'>Eotreit</span> <span class='ocrx_word' id='word_1_18' title='bbox 562 1337 596 1384; x_wconf 84' lang='lat' dir='ltr'>de</span> <span class='ocrx_word' id='word_1_19' title='bbox 615 1331 755 1386; x_wconf 83' lang='lat' dir='ltr'>l&#39;Hiatoria</span> <span class='ocrx_word' id='word_1_20' title='bbox 776 1331 971 1388; x_wconf 84' lang='lat' dir='ltr'>Universitaiis</span> <span class='ocrx_word' id='word_1_21' title='bbox 993 1329 1171 1386; x_wconf 78' lang='lat' dir='ltr'>Lemniensis</span> <span class='ocrx_word' id='word_1_22' title='bbox 1190 1336 1223 1384; x_wconf 83' lang='lat' dir='ltr'>de</span> <span class='ocrx_word' id='word_1_23' title='bbox 1244 1331 1316 1384; x_wconf 75' lang='lat' dir='ltr'>Bne.</span> 
     </span>
    </p>
   </div>
   <div class='ocr_carea' id='block_1_5' title="bbox 298 1469 1400 4218">
    <p class='ocr_par' dir='ltr' id='par_1_5' title="bbox 300 1469 1400 3811">
     <span class='ocr_line' id='line_1_5' title="bbox 350 1469 1400 1552; baseline -0.002 -17"><span class='ocrx_word' id='word_1_24' title='bbox 350 1471 516 1552; x_wconf 76' lang='lat' dir='ltr'>Cuiieoium</span> <span class='ocrx_word' id='word_1_25' title='bbox 538 1488 591 1534; x_wconf 81' lang='lat' dir='ltr'>sau</span> <span class='ocrx_word' id='word_1_26' title='bbox 613 1478 777 1535; x_wconf 74' lang='lat' dir='ltr'>conventus</span> <span class='ocrx_word' id='word_1_27' title='bbox 798 1474 1065 1536; x_wconf 83' lang='lat' dir='ltr'>Hominieonorom</span> <span class='ocrx_word' id='word_1_28' title='bbox 1088 1471 1305 1538; x_wconf 84' lang='lat' dir='ltr'>Hibernorum.</span> <span class='ocrx_word' id='word_1_29' title='bbox 1334 1469 1400 1534; x_wconf 88' lang='lat' dir='ltr'>Sub</span> 
     </span>
     <span class='ocr_line' id='line_1_6' title="bbox 308 1567 1397 1643; baseline -0.003 -9"><span class='ocrx_word' id='word_1_30' title='bbox 308 1569 432 1634; x_wconf 92' lang='lat' dir='ltr'>initium</span> <span class='ocrx_word' id='word_1_31' title='bbox 462 1570 580 1636; x_wconf 83' lang='lat' dir='ltr'>saeculi</span> <span class='ocrx_word' id='word_1_32' title='bbox 611 1587 667 1634; x_wconf 83' lang='lat' dir='ltr'>nnn</span> <span class='ocrx_word' id='word_1_33' title='bbox 694 1569 890 1641; x_wconf 83' lang='lat' dir='ltr'>Elisabetba.</span> <span class='ocrx_word' id='word_1_34' title='bbox 923 1572 987 1636; x_wconf 84' lang='lat' dir='ltr'>iiiia</span> <span class='ocrx_word' id='word_1_35' title='bbox 1021 1572 1116 1636; x_wconf 88' lang='lat' dir='ltr'>notba</span> <span class='ocrx_word' id='word_1_36' title='bbox 1154 1569 1281 1635; x_wconf 87' lang='lat' dir='ltr'>Henriei</span> <span class='ocrx_word' id='word_1_37' title='bbox 1311 1567 1397 1643; x_wconf 82' lang='lat' dir='ltr'>vlit,</span> 
     </span>
     <span class='ocr_line' id='line_1_7' title="bbox 308 1667 1393 1750; baseline -0.002 -18"><span class='ocrx_word' id='word_1_38' title='bbox 308 1685 406 1750; x_wconf 78' lang='lat' dir='ltr'>regna</span> <span class='ocrx_word' id='word_1_39' title='bbox 422 1670 567 1750; x_wconf 72' lang='lat' dir='ltr'>angliae,</span> <span class='ocrx_word' id='word_1_40' title='bbox 584 1669 711 1734; x_wconf 83' lang='lat' dir='ltr'>scotiae</span> <span class='ocrx_word' id='word_1_41' title='bbox 725 1680 757 1734; x_wconf 89' lang='lat' dir='ltr'>et</span> <span class='ocrx_word' id='word_1_42' title='bbox 775 1671 944 1736; x_wconf 77' lang='lat' dir='ltr'>Hiberniae</span> <span class='ocrx_word' id='word_1_43' title='bbox 961 1680 1147 1750; x_wconf 77' lang='lat' dir='ltr'><strong>usurpante,</strong></span> <span class='ocrx_word' id='word_1_44' title='bbox 1165 1677 1197 1734; x_wconf 87' lang='lat' dir='ltr'>et</span> <span class='ocrx_word' id='word_1_45' title='bbox 1213 1668 1244 1732; x_wconf 93' lang='lat' dir='ltr'>in</span> <span class='ocrx_word' id='word_1_46' title='bbox 1261 1667 1393 1748; x_wconf 82' lang='lat' dir='ltr'>templa,</span> 
     </span>
     <span class='ocr_line' id='line_1_8' title="bbox 310 1768 1393 1850; baseline -0.004 -18"><span class='ocrx_word' id='word_1_47' title='bbox 310 1768 556 1832; x_wconf 80' lang='lat' dir='ltr'>monasteriam</span> <span class='ocrx_word' id='word_1_48' title='bbox 578 1784 798 1850; x_wconf 84' lang='lat' dir='ltr'>quaecumque</span> <span class='ocrx_word' id='word_1_49' title='bbox 819 1787 911 1834; x_wconf 92' lang='lat' dir='ltr'>saera</span> <span class='ocrx_word' id='word_1_50' title='bbox 937 1769 1109 1843; x_wconf 85' lang='lat' dir='ltr'>saeviente,</span> <span class='ocrx_word' id='word_1_51' title='bbox 1139 1777 1224 1832; x_wconf 88' lang='lat' dir='ltr'>tanta</span> <span class='ocrx_word' id='word_1_52' title='bbox 1248 1768 1393 1831; x_wconf 87' lang='lat' dir='ltr'>locorum</span> 
     </span>
     <span class='ocr_line' id='line_1_9' title="bbox 309 1863 1395 1948; baseline -0.003 -18"><span class='ocrx_word' id='word_1_53' title='bbox 309 1883 474 1932; x_wconf 82' lang='lat' dir='ltr'>sacrorum</span> <span class='ocrx_word' id='word_1_54' title='bbox 503 1875 627 1948; x_wconf 80' lang='lat' dir='ltr'>strages</span> <span class='ocrx_word' id='word_1_55' title='bbox 651 1867 730 1932; x_wconf 83' lang='lat' dir='ltr'>taeta</span> <span class='ocrx_word' id='word_1_56' title='bbox 757 1877 819 1943; x_wconf 89' lang='lat' dir='ltr'>est,</span> <span class='ocrx_word' id='word_1_57' title='bbox 845 1878 878 1932; x_wconf 90' lang='lat' dir='ltr'>nt</span> <span class='ocrx_word' id='word_1_58' title='bbox 904 1885 989 1932; x_wconf 86' lang='lat' dir='ltr'>anno</span> <span class='ocrx_word' id='word_1_59' title='bbox 1016 1867 1107 1946; x_wconf 85' lang='grc'><strong>1603,</strong></span> <span class='ocrx_word' id='word_1_60' title='bbox 1133 1883 1197 1947; x_wconf 83' lang='lat' dir='ltr'>quo</span> <span class='ocrx_word' id='word_1_61' title='bbox 1224 1866 1276 1928; x_wconf 85' lang='lat' dir='ltr'>iila</span> <span class='ocrx_word' id='word_1_62' title='bbox 1303 1863 1395 1936; x_wconf 86' lang='lat' dir='ltr'>obiit.</span> 
     </span>
     <span class='ocr_line' id='line_1_10' title="bbox 309 1961 1396 2048; baseline -0.001 -21"><span class='ocrx_word' id='word_1_63' title='bbox 309 1965 478 2046; x_wconf 88' lang='lat' dir='ltr'>nequidem</span> <span class='ocrx_word' id='word_1_64' title='bbox 510 1981 607 2030; x_wconf 92' lang='lat' dir='ltr'>unum</span> <span class='ocrx_word' id='word_1_65' title='bbox 636 1965 828 2030; x_wconf 83' lang='lat' dir='ltr'>coenobium</span> <span class='ocrx_word' id='word_1_66' title='bbox 858 1967 1003 2031; x_wconf 88' lang='lat' dir='ltr'>relietum</span> <span class='ocrx_word' id='word_1_67' title='bbox 1035 1965 1189 2048; x_wconf 78' lang='lat' dir='ltr'>fueritin</span> <span class='ocrx_word' id='word_1_68' title='bbox 1221 1961 1396 2044; x_wconf 83' lang='lat' dir='ltr'>praedietis</span> 
     </span>
     <span class='ocr_line' id='line_1_11' title="bbox 307 2060 1395 2146; baseline -0.004 -20"><span class='ocrx_word' id='word_1_69' title='bbox 307 2064 415 2145; x_wconf 83' lang='lat' dir='ltr'>regnis</span> <span class='ocrx_word' id='word_1_70' title='bbox 442 2081 504 2129; x_wconf 94' lang='lat' dir='ltr'>non</span> <span class='ocrx_word' id='word_1_71' title='bbox 533 2063 745 2144; x_wconf 76' lang='lat' dir='ltr'>profanatum.</span> <span class='ocrx_word' id='word_1_72' title='bbox 777 2064 929 2146; x_wconf 79' lang='lat' dir='ltr'>Religiosi</span> <span class='ocrx_word' id='word_1_73' title='bbox 959 2082 1072 2130; x_wconf 84' lang='lat' dir='ltr'>omnes</span> <span class='ocrx_word' id='word_1_74' title='bbox 1098 2081 1136 2130; x_wconf 86' lang='lat' dir='ltr'>ex</span> <span class='ocrx_word' id='word_1_75' title='bbox 1163 2063 1263 2144; x_wconf 79' lang='lat' dir='ltr'>patria</span> <span class='ocrx_word' id='word_1_76' title='bbox 1289 2060 1395 2125; x_wconf 82' lang='lat' dir='ltr'>abacti</span> 
     </span>
     <span class='ocr_line' id='line_1_12' title="bbox 306 2159 1392 2245; baseline -0.002 -19"><span class='ocrx_word' id='word_1_77' title='bbox 306 2161 434 2227; x_wconf 79' lang='lat' dir='ltr'>suerunt</span> <span class='ocrx_word' id='word_1_78' title='bbox 445 2172 499 2226; x_wconf 92' lang='lat' dir='ltr'>aut</span> <span class='ocrx_word' id='word_1_79' title='bbox 512 2171 614 2227; x_wconf 89' lang='lat' dir='ltr'>morte</span> <span class='ocrx_word' id='word_1_80' title='bbox 625 2162 875 2242; x_wconf 83' lang='lat' dir='ltr'>affecti,nraeter</span> <span class='ocrx_word' id='word_1_81' title='bbox 888 2181 1067 2245; x_wconf 82' lang='lat' dir='ltr'>perpaucos</span> <span class='ocrx_word' id='word_1_82' title='bbox 1079 2180 1118 2228; x_wconf 85' lang='lat' dir='ltr'>ex</span> <span class='ocrx_word' id='word_1_83' title='bbox 1133 2159 1392 2226; x_wconf 77' lang='lat' dir='ltr'>mendicantibus</span> 
     </span>
     <span class='ocr_line' id='line_1_13' title="bbox 306 2257 1393 2344; baseline -0.006 -18"><span class='ocrx_word' id='word_1_84' title='bbox 306 2261 505 2326; x_wconf 86' lang='lat' dir='ltr'>ooeuitantes</span> <span class='ocrx_word' id='word_1_85' title='bbox 531 2278 567 2326; x_wconf 90' lang='lat' dir='ltr'>se</span> <span class='ocrx_word' id='word_1_86' title='bbox 592 2261 624 2324; x_wconf 89' lang='lat' dir='ltr'>in</span> <span class='ocrx_word' id='word_1_87' title='bbox 650 2260 766 2325; x_wconf 90' lang='lat' dir='ltr'>abditis</span> <span class='ocrx_word' id='word_1_88' title='bbox 796 2261 1000 2344; x_wconf 79' lang='lat' dir='ltr'>fugitivorum</span> <span class='ocrx_word' id='word_1_89' title='bbox 1030 2262 1123 2336; x_wconf 89' lang='lat' dir='ltr'>loeis,</span> <span class='ocrx_word' id='word_1_90' title='bbox 1153 2269 1186 2324; x_wconf 89' lang='lat' dir='ltr'>ut</span> <span class='ocrx_word' id='word_1_91' title='bbox 1215 2257 1393 2324; x_wconf 84' lang='lat' dir='ltr'>eatboiieos</span> 
     </span>
     <span class='ocr_line' id='line_1_14' title="bbox 306 2354 1395 2438; baseline -0.004 -16"><span class='ocrx_word' id='word_1_92' title='bbox 306 2360 499 2438; x_wconf 81' lang='lat' dir='ltr'>superstites</span> <span class='ocrx_word' id='word_1_93' title='bbox 530 2360 560 2420; x_wconf 89' lang='lat' dir='ltr'>in</span> <span class='ocrx_word' id='word_1_94' title='bbox 599 2357 661 2424; x_wconf 87' lang='lat' dir='ltr'>Hde</span> <span class='ocrx_word' id='word_1_95' title='bbox 693 2360 880 2424; x_wconf 79' lang='lat' dir='ltr'>solidarent.</span> <span class='ocrx_word' id='word_1_96' title='bbox 902 2360 957 2424; x_wconf 41' lang='lat' dir='ltr'>*Hx</span> <span class='ocrx_word' id='word_1_97' title='bbox 993 2361 1043 2424; x_wconf 92' lang='lat' dir='ltr'>bis</span> <span class='ocrx_word' id='word_1_98' title='bbox 1076 2369 1168 2424; x_wconf 89' lang='lat' dir='ltr'>erant</span> <span class='ocrx_word' id='word_1_99' title='bbox 1201 2354 1395 2421; x_wconf 88' lang='lat' dir='ltr'>venerahilis</span> 
     </span>
     <span class='ocr_line' id='line_1_15' title="bbox 305 2453 1388 2539; baseline -0.004 -20"><span class='ocrx_word' id='word_1_100' title='bbox 305 2457 338 2520; x_wconf 83' lang='lat' dir='ltr'>P.</span> <span class='ocrx_word' id='word_1_101' title='bbox 358 2457 466 2522; x_wconf 83' lang='lat' dir='ltr'>Daniel</span> <span class='ocrx_word' id='word_1_102' title='bbox 489 2474 508 2520; x_wconf 93' lang='grc' dir='ltr'>ο</span> <span class='ocrx_word' id='word_1_103' title='bbox 530 2457 731 2538; x_wconf 75' lang='lat' dir='ltr'>Criedagain.</span> <span class='ocrx_word' id='word_1_104' title='bbox 749 2467 823 2522; x_wconf 87' lang='lat' dir='ltr'>tuno</span> <span class='ocrx_word' id='word_1_105' title='bbox 848 2459 1017 2524; x_wconf 83' lang='lat' dir='ltr'>Hiberniae</span> <span class='ocrx_word' id='word_1_106' title='bbox 1044 2456 1261 2539; x_wconf 77' lang='lat' dir='ltr'>provincialis,</span> <span class='ocrx_word' id='word_1_107' title='bbox 1279 2454 1332 2518; x_wconf 93' lang='lat' dir='ltr'>diu</span> <span class='ocrx_word' id='word_1_108' title='bbox 1358 2453 1388 2516; x_wconf 92' lang='lat' dir='ltr'>in</span> 
     </span>
     <span class='ocr_line' id='line_1_16' title="bbox 304 2553 1392 2635; baseline -0.001 -19"><span class='ocrx_word' id='word_1_109' title='bbox 304 2555 552 2635; x_wconf 82' lang='lat' dir='ltr'>provinciaiatns</span> <span class='ocrx_word' id='word_1_110' title='bbox 577 2572 710 2620; x_wconf 92' lang='lat' dir='ltr'>munere</span> <span class='ocrx_word' id='word_1_111' title='bbox 736 2557 952 2630; x_wconf 72' lang='lat' dir='ltr'>continuatos</span> <span class='ocrx_word' id='word_1_112' title='bbox 979 2568 1011 2621; x_wconf 90' lang='lat' dir='ltr'>et</span> <span class='ocrx_word' id='word_1_113' title='bbox 1036 2554 1230 2621; x_wconf 87' lang='lat' dir='ltr'>venerabilis</span> <span class='ocrx_word' id='word_1_114' title='bbox 1253 2555 1286 2616; x_wconf 82' lang='grc' dir='ltr'>Ρ.</span> <span class='ocrx_word' id='word_1_115' title='bbox 1310 2553 1392 2616; x_wconf 85' lang='lat' dir='ltr'>Tba·</span> 
     </span>
     <span class='ocr_line' id='line_1_17' title="bbox 304 2649 1394 2733; baseline -0.002 -17"><span class='ocrx_word' id='word_1_116' title='bbox 304 2652 404 2716; x_wconf 87' lang='lat' dir='ltr'>daeus</span> <span class='ocrx_word' id='word_1_117' title='bbox 427 2670 447 2716; x_wconf 92' lang='grc' dir='ltr'>ο</span> <span class='ocrx_word' id='word_1_118' title='bbox 472 2653 583 2724; x_wconf 85' lang='lat' dir='ltr'>buain,</span> <span class='ocrx_word' id='word_1_119' title='bbox 608 2670 647 2717; x_wconf 84' lang='lat' dir='ltr'>en</span> <span class='ocrx_word' id='word_1_120' title='bbox 670 2664 828 2718; x_wconf 83' lang='lat' dir='ltr'>conventu</span> <span class='ocrx_word' id='word_1_121' title='bbox 853 2665 984 2720; x_wconf 87' lang='lat' dir='ltr'>sanotae</span> <span class='ocrx_word' id='word_1_122' title='bbox 1003 2655 1115 2719; x_wconf 75' lang='lat' dir='ltr'>Crucis</span> <span class='ocrx_word' id='word_1_123' title='bbox 1139 2654 1179 2717; x_wconf 90' lang='lat' dir='ltr'>de</span> <span class='ocrx_word' id='word_1_124' title='bbox 1200 2651 1310 2733; x_wconf 86' lang='lat' dir='ltr'>Siigia.</span> <span class='ocrx_word' id='word_1_125' title='bbox 1337 2649 1394 2714; x_wconf 87' lang='lat' dir='ltr'>Hie</span> 
     </span>
     <span class='ocr_line' id='line_1_18' title="bbox 306 2750 1390 2834; baseline -0.001 -19"><span class='ocrx_word' id='word_1_126' title='bbox 306 2751 467 2831; x_wconf 82' lang='lat' dir='ltr'>posterior</span> <span class='ocrx_word' id='word_1_127' title='bbox 490 2751 587 2830; x_wconf 83' lang='lat' dir='ltr'>priori</span> <span class='ocrx_word' id='word_1_128' title='bbox 605 2752 763 2816; x_wconf 85' lang='lat' dir='ltr'>suecessit</span> <span class='ocrx_word' id='word_1_129' title='bbox 785 2753 815 2814; x_wconf 90' lang='lat' dir='ltr'>in</span> <span class='ocrx_word' id='word_1_130' title='bbox 832 2753 988 2834; x_wconf 83' lang='lat' dir='ltr'>regimine</span> <span class='ocrx_word' id='word_1_131' title='bbox 1010 2753 1174 2818; x_wconf 87' lang='lat' dir='ltr'>desolatae</span> <span class='ocrx_word' id='word_1_132' title='bbox 1194 2750 1390 2830; x_wconf 85' lang='lat' dir='ltr'>provinciae,</span> 
     </span>
     <span class='ocr_line' id='line_1_19' title="bbox 304 2849 1391 2930; baseline -0.002 -18"><span class='ocrx_word' id='word_1_133' title='bbox 304 2864 506 2930; x_wconf 83' lang='lat' dir='ltr'>eerraensque</span> <span class='ocrx_word' id='word_1_134' title='bbox 533 2849 678 2914; x_wconf 88' lang='lat' dir='ltr'>ordinem</span> <span class='ocrx_word' id='word_1_135' title='bbox 704 2867 798 2914; x_wconf 88' lang='lat' dir='ltr'>suum</span> <span class='ocrx_word' id='word_1_136' title='bbox 830 2851 1071 2916; x_wconf 87' lang='lat' dir='ltr'>bominieanum</span> <span class='ocrx_word' id='word_1_137' title='bbox 1102 2851 1259 2916; x_wconf 88' lang='lat' dir='ltr'>citissimo</span> <span class='ocrx_word' id='word_1_138' title='bbox 1290 2849 1391 2912; x_wconf 83' lang='lat' dir='ltr'>extin-</span> 
     </span>
     <span class='ocr_line' id='line_1_20' title="bbox 304 2946 1392 3030; baseline -0.001 -19"><span class='ocrx_word' id='word_1_139' title='bbox 304 2947 465 3030; x_wconf 71' lang='lat' dir='ltr'>guendum</span> <span class='ocrx_word' id='word_1_140' title='bbox 503 2947 534 3011; x_wconf 96' lang='lat' dir='ltr'>in</span> <span class='ocrx_word' id='word_1_141' title='bbox 565 2948 728 3018; x_wconf 84' lang='lat' dir='ltr'>Hibernia.</span> <span class='ocrx_word' id='word_1_142' title='bbox 762 2949 823 3012; x_wconf 89' lang='lat' dir='ltr'>nisi</span> <span class='ocrx_word' id='word_1_143' title='bbox 859 2950 1057 3016; x_wconf 88' lang='lat' dir='ltr'>inveniretur</span> <span class='ocrx_word' id='word_1_144' title='bbox 1086 2950 1178 3014; x_wconf 88' lang='lat' dir='ltr'>loeus</span> <span class='ocrx_word' id='word_1_145' title='bbox 1215 2946 1392 3014; x_wconf 84' lang='lat' dir='ltr'>educandis</span> 
     </span>
     <span class='ocr_line' id='line_1_21' title="bbox 300 3045 1391 3130; baseline 0 -20"><span class='ocrx_word' id='word_1_146' title='bbox 300 3045 473 3127; x_wconf 85' lang='lat' dir='ltr'>juvenibus</span> <span class='ocrx_word' id='word_1_147' title='bbox 503 3045 627 3110; x_wconf 89' lang='lat' dir='ltr'>ordinis</span> <span class='ocrx_word' id='word_1_148' title='bbox 653 3047 703 3110; x_wconf 87' lang='lat' dir='ltr'>sui</span> <span class='ocrx_word' id='word_1_149' title='bbox 731 3057 762 3111; x_wconf 88' lang='lat' dir='ltr'>et</span> <span class='ocrx_word' id='word_1_150' title='bbox 791 3049 906 3112; x_wconf 89' lang='lat' dir='ltr'>nativis</span> <span class='ocrx_word' id='word_1_151' title='bbox 935 3047 1083 3114; x_wconf 89' lang='lat' dir='ltr'>Hibernis</span> <span class='ocrx_word' id='word_1_152' title='bbox 1113 3058 1206 3130; x_wconf 86' lang='lat' dir='ltr'>aptus</span> <span class='ocrx_word' id='word_1_153' title='bbox 1229 3049 1260 3110; x_wconf 92' lang='lat' dir='ltr'>in</span> <span class='ocrx_word' id='word_1_154' title='bbox 1291 3063 1391 3126; x_wconf 81' lang='lat' dir='ltr'>reguo</span> 
     </span>
     <span class='ocr_line' id='line_1_22' title="bbox 303 3143 1391 3230; baseline 0.001 -22"><span class='ocrx_word' id='word_1_155' title='bbox 303 3144 411 3224; x_wconf 84' lang='lat' dir='ltr'>utiquo</span> <span class='ocrx_word' id='word_1_156' title='bbox 428 3143 599 3220; x_wconf 81' lang='lat' dir='ltr'>catholieo,</span> <span class='ocrx_word' id='word_1_157' title='bbox 617 3162 744 3210; x_wconf 90' lang='lat' dir='ltr'>omnem</span> <span class='ocrx_word' id='word_1_158' title='bbox 762 3164 891 3226; x_wconf 84' lang='lat' dir='ltr'>operam</span> <span class='ocrx_word' id='word_1_159' title='bbox 908 3148 1049 3212; x_wconf 86' lang='lat' dir='ltr'>adhibuit</span> <span class='ocrx_word' id='word_1_160' title='bbox 1068 3165 1124 3230; x_wconf 84' lang='lat' dir='ltr'>per</span> <span class='ocrx_word' id='word_1_161' title='bbox 1140 3165 1176 3212; x_wconf 84' lang='lat' dir='ltr'>se</span> <span class='ocrx_word' id='word_1_162' title='bbox 1191 3157 1222 3212; x_wconf 89' lang='lat' dir='ltr'>et</span> <span class='ocrx_word' id='word_1_163' title='bbox 1239 3164 1295 3227; x_wconf 85' lang='lat' dir='ltr'>per</span> <span class='ocrx_word' id='word_1_164' title='bbox 1310 3147 1391 3212; x_wconf 88' lang='lat' dir='ltr'>aiios</span> 
     </span>
     <span class='ocr_line' id='line_1_23' title="bbox 302 3241 1390 3328; baseline 0.001 -22"><span class='ocrx_word' id='word_1_165' title='bbox 302 3241 341 3306; x_wconf 92' lang='lat' dir='ltr'>ad</span> <span class='ocrx_word' id='word_1_166' title='bbox 365 3243 598 3322; x_wconf 81' lang='lat' dir='ltr'>impetrandum</span> <span class='ocrx_word' id='word_1_167' title='bbox 623 3244 739 3308; x_wconf 80' lang='lat' dir='ltr'>alieubi</span> <span class='ocrx_word' id='word_1_168' title='bbox 764 3246 920 3326; x_wconf 79' lang='lat' dir='ltr'>retugium</span> <span class='ocrx_word' id='word_1_169' title='bbox 943 3247 974 3310; x_wconf 91' lang='lat' dir='ltr'>in</span> <span class='ocrx_word' id='word_1_170' title='bbox 999 3247 1127 3328; x_wconf 83' lang='lat' dir='ltr'>Belgi0;</span> <span class='ocrx_word' id='word_1_171' title='bbox 1151 3246 1236 3328; x_wconf 83' lang='lat' dir='ltr'>quod</span> <span class='ocrx_word' id='word_1_172' title='bbox 1262 3255 1292 3309; x_wconf 87' lang='lat' dir='ltr'>nt</span> <span class='ocrx_word' id='word_1_173' title='bbox 1308 3243 1390 3308; x_wconf 91' lang='lat' dir='ltr'>obti-</span> 
     </span>
     <span class='ocr_line' id='line_1_24' title="bbox 303 3339 1389 3425; baseline 0.003 -21"><span class='ocrx_word' id='word_1_174' title='bbox 303 3339 384 3406; x_wconf 90' lang='lat' dir='ltr'>nuit.</span> <span class='ocrx_word' id='word_1_175' title='bbox 407 3343 553 3406; x_wconf 78' lang='lat' dir='ltr'>Attamen</span> <span class='ocrx_word' id='word_1_176' title='bbox 578 3358 641 3406; x_wconf 93' lang='lat' dir='ltr'>non</span> <span class='ocrx_word' id='word_1_177' title='bbox 665 3342 725 3406; x_wconf 91' lang='lat' dir='ltr'>sub</span> <span class='ocrx_word' id='word_1_178' title='bbox 748 3345 852 3425; x_wconf 85' lang='lat' dir='ltr'>ipsius</span> <span class='ocrx_word' id='word_1_179' title='bbox 875 3345 1041 3424; x_wconf 75' lang='lat' dir='ltr'>regimine,</span> <span class='ocrx_word' id='word_1_180' title='bbox 1065 3346 1122 3408; x_wconf 89' lang='lat' dir='ltr'>sed</span> <span class='ocrx_word' id='word_1_181' title='bbox 1150 3345 1209 3408; x_wconf 89' lang='lat' dir='ltr'>sub</span> <span class='ocrx_word' id='word_1_182' title='bbox 1234 3343 1389 3424; x_wconf 83' lang='lat' dir='ltr'>regimine</span> 
     </span>
     <span class='ocr_line' id='line_1_25' title="bbox 302 3439 1388 3526; baseline 0 -20"><span class='ocrx_word' id='word_1_183' title='bbox 302 3439 496 3506; x_wconf 88' lang='lat' dir='ltr'>venerabilis</span> <span class='ocrx_word' id='word_1_184' title='bbox 514 3441 612 3520; x_wconf 80' lang='lat' dir='ltr'>patris</span> <span class='ocrx_word' id='word_1_185' title='bbox 630 3441 728 3507; x_wconf 85' lang='lat' dir='ltr'>Hoebi</span> <span class='ocrx_word' id='word_1_186' title='bbox 743 3443 1004 3526; x_wconf 78' lang='lat' dir='ltr'>biaeEogbagam</span> <span class='ocrx_word' id='word_1_187' title='bbox 1019 3445 1100 3508; x_wconf 90' lang='lat' dir='ltr'>alias</span> <span class='ocrx_word' id='word_1_188' title='bbox 1115 3461 1131 3507; x_wconf 90' lang='lat' dir='ltr'>a</span> <span class='ocrx_word' id='word_1_189' title='bbox 1148 3453 1257 3508; x_wconf 87' lang='lat' dir='ltr'>saneta</span> <span class='ocrx_word' id='word_1_190' title='bbox 1275 3442 1388 3518; x_wconf 78' lang='lat' dir='ltr'>cruce,</span> 
     </span>
     <span class='ocr_line' id='line_1_26' title="bbox 301 3539 1387 3624; baseline -0.001 -20"><span class='ocrx_word' id='word_1_191' title='bbox 301 3539 370 3622; x_wconf 85' lang='lat' dir='ltr'>ejus</span> <span class='ocrx_word' id='word_1_192' title='bbox 386 3540 602 3616; x_wconf 84' lang='lat' dir='ltr'>successoris,</span> <span class='ocrx_word' id='word_1_193' title='bbox 619 3541 671 3622; x_wconf 86' lang='lat' dir='ltr'>qui</span> <span class='ocrx_word' id='word_1_194' title='bbox 689 3558 772 3606; x_wconf 91' lang='lat' dir='ltr'>anno</span> <span class='ocrx_word' id='word_1_195' title='bbox 789 3543 869 3606; x_wconf 69' lang='lat' dir='ltr'>abab</span> <span class='ocrx_word' id='word_1_196' title='bbox 888 3543 919 3606; x_wconf 90' lang='lat' dir='ltr'>in</span> <span class='ocrx_word' id='word_1_197' title='bbox 935 3545 1076 3624; x_wconf 79' lang='lat' dir='ltr'>capitulo</span> <span class='ocrx_word' id='word_1_198' title='bbox 1092 3544 1216 3608; x_wconf 87' lang='lat' dir='ltr'>ordinis</span> <span class='ocrx_word' id='word_1_199' title='bbox 1231 3541 1387 3624; x_wconf 82' lang='lat' dir='ltr'>generali,</span> 
     </span>
     <span class='ocr_line' id='line_1_27' title="bbox 303 3639 1388 3726; baseline 0.006 -26"><span class='ocrx_word' id='word_1_200' title='bbox 303 3639 473 3703; x_wconf 78' lang='lat' dir='ltr'>Mediolani</span> <span class='ocrx_word' id='word_1_201' title='bbox 490 3639 666 3716; x_wconf 81' lang='lat' dir='ltr'>celebrato.</span> <span class='ocrx_word' id='word_1_202' title='bbox 681 3641 864 3721; x_wconf 82' lang='lat' dir='ltr'>provinciae</span> <span class='ocrx_word' id='word_1_203' title='bbox 882 3644 1047 3708; x_wconf 86' lang='lat' dir='ltr'>Hiberniae</span> <span class='ocrx_word' id='word_1_204' title='bbox 1071 3643 1216 3726; x_wconf 81' lang='lat' dir='ltr'>regimini</span> <span class='ocrx_word' id='word_1_205' title='bbox 1239 3643 1388 3706; x_wconf 88' lang='lat' dir='ltr'>admotus</span> 
     </span>
     <span class='ocr_line' id='line_1_28' title="bbox 302 3737 1151 3811; baseline 0.011 -12"><span class='ocrx_word' id='word_1_206' title='bbox 302 3737 370 3811; x_wconf 87' lang='lat' dir='ltr'>init,</span> <span class='ocrx_word' id='word_1_207' title='bbox 389 3737 561 3802; x_wconf 83' lang='lat' dir='ltr'>boraninm</span> <span class='ocrx_word' id='word_1_208' title='bbox 578 3738 777 3804; x_wconf 89' lang='lat' dir='ltr'>advenerunt</span> <span class='ocrx_word' id='word_1_209' title='bbox 794 3740 992 3806; x_wconf 86' lang='lat' dir='ltr'>Hominicani</span> <span class='ocrx_word' id='word_1_210' title='bbox 1011 3741 1151 3808; x_wconf 88' lang='lat' dir='ltr'>Hiberni.</span> 
     </span>
    </p>

    <p class='ocr_par' dir='ltr' id='par_1_6' title="bbox 298 3835 1387 4218">
     <span class='ocr_line' id='line_1_29' title="bbox 342 3835 1387 3918; baseline 0.003 -20"><span class='ocrx_word' id='word_1_211' title='bbox 342 3836 435 3899; x_wconf 78' lang='lat' dir='ltr'>Anno</span> <span class='ocrx_word' id='word_1_212' title='bbox 458 3835 550 3912; x_wconf 77' lang='lat' dir='ltr'>tote,</span> <span class='ocrx_word' id='word_1_213' title='bbox 577 3837 611 3904; x_wconf 84' lang='lat' dir='ltr'>P.</span> <span class='ocrx_word' id='word_1_214' title='bbox 633 3837 813 3903; x_wconf 85' lang='lat' dir='ltr'>Riebardus</span> <span class='ocrx_word' id='word_1_215' title='bbox 836 3855 854 3902; x_wconf 89' lang='lat' dir='ltr'>a</span> <span class='ocrx_word' id='word_1_216' title='bbox 877 3849 990 3904; x_wconf 88' lang='lat' dir='ltr'>saneto</span> <span class='ocrx_word' id='word_1_217' title='bbox 1013 3841 1190 3918; x_wconf 75' lang='lat' dir='ltr'>flaminino,</span> <span class='ocrx_word' id='word_1_218' title='bbox 1216 3841 1294 3904; x_wconf 88' lang='lat' dir='ltr'>alias</span> <span class='ocrx_word' id='word_1_219' title='bbox 1318 3839 1387 3902; x_wconf 88' lang='lat' dir='ltr'>Bir-</span> 
     </span>
     <span class='ocr_line' id='line_1_30' title="bbox 301 3935 1387 4020; baseline 0.006 -24"><span class='ocrx_word' id='word_1_220' title='bbox 301 3935 473 4016; x_wconf 80' lang='lat' dir='ltr'>mingbam,</span> <span class='ocrx_word' id='word_1_221' title='bbox 505 3947 685 4002; x_wconf 78' lang='lat' dir='ltr'>conventus</span> <span class='ocrx_word' id='word_1_222' title='bbox 714 3939 949 4014; x_wconf 75' lang='lat' dir='ltr'>bohemiensis,</span> <span class='ocrx_word' id='word_1_223' title='bbox 983 3951 1172 4020; x_wconf 82' lang='lat' dir='ltr'>procurator</span> <span class='ocrx_word' id='word_1_224' title='bbox 1201 3940 1387 4020; x_wconf 83' lang='lat' dir='ltr'>provinciae</span> 
     </span>
     <span class='ocr_line' id='line_1_31' title="bbox 300 4032 1384 4124; baseline 0.005 -29"><span class='ocrx_word' id='word_1_225' title='bbox 300 4032 480 4108; x_wconf 87' lang='lat' dir='ltr'>Hiberniae,</span> <span class='ocrx_word' id='word_1_226' title='bbox 498 4035 558 4098; x_wconf 91' lang='lat' dir='ltr'>snb</span> <span class='ocrx_word' id='word_1_227' title='bbox 580 4052 687 4124; x_wconf 81' lang='lat' dir='ltr'>annuo</span> <span class='ocrx_word' id='word_1_228' title='bbox 710 4053 810 4102; x_wconf 88' lang='lat' dir='ltr'>eensu</span> <span class='ocrx_word' id='word_1_229' title='bbox 826 4039 954 4102; x_wconf 88' lang='lat' dir='ltr'>Lovanii</span> <span class='ocrx_word' id='word_1_230' title='bbox 978 4039 1017 4102; x_wconf 88' lang='lat' dir='ltr'>ad</span> <span class='ocrx_word' id='word_1_231' title='bbox 1041 4041 1230 4104; x_wconf 85' lang='lat' dir='ltr'>sexennium</span> <span class='ocrx_word' id='word_1_232' title='bbox 1247 4037 1384 4103; x_wconf 87' lang='lat' dir='ltr'>obtinuit</span> 
     </span>
     <span class='ocr_line' id='line_1_32' title="bbox 298 4131 1381 4218; baseline 0 -21"><span class='ocrx_word' id='word_1_233' title='bbox 298 4131 469 4197; x_wconf 83' lang='lat' dir='ltr'>ecetesiam</span> <span class='ocrx_word' id='word_1_234' title='bbox 491 4133 556 4197; x_wconf 89' lang='lat' dir='ltr'>divi</span> <span class='ocrx_word' id='word_1_235' title='bbox 577 4133 709 4202; x_wconf 83' lang='lat' dir='ltr'>ioannis</span> <span class='ocrx_word' id='word_1_236' title='bbox 732 4135 952 4218; x_wconf 76' lang='lat' dir='ltr'>Evangetistae</span> <span class='ocrx_word' id='word_1_237' title='bbox 974 4155 1046 4204; x_wconf 88' lang='lat' dir='ltr'>oum</span> <span class='ocrx_word' id='word_1_238' title='bbox 1068 4139 1201 4204; x_wconf 86' lang='lat' dir='ltr'>aedibus</span> <span class='ocrx_word' id='word_1_239' title='bbox 1226 4138 1381 4204; x_wconf 83' lang='lat' dir='ltr'>connexis</span> 
     </span>
    </p>
   </div>
   <div class='ocr_carea' id='block_1_6' title="bbox 0 0 1620 4942">
    <p class='ocr_par' dir='ltr' id='par_1_7' title="bbox 0 0 1620 4942">
     <span class='ocr_line' id='line_1_33' title="bbox 0 0 1620 4942; baseline 0 4"><span class='ocrx_word' id='word_1_240' title='bbox 0 0 1620 4942; x_wconf 95' lang='lat' dir='ltr'> </span> 
     </span>
    </p>
   </div>
  </div>
 </body>
</html>
