3158 4952
729 446 913 510 -338-

278 623 437 698 uernans,
457 633 488 690 ut
504 624 566 706 ipsi
583 633 719 690 tractent
740 643 812 691 eum
831 626 1018 708 regentibus
1043 625 1194 707 predictis
1210 625 1249 690 ad
1266 627 1367 690 hono

278 740 345 788 rem
362 734 393 787 et
406 725 609 788 commodum
624 723 878 798 facultatisoum
893 736 998 790 tamen
1014 726 1166 790 relatione
1178 725 1218 788 ad
1235 724 1366 790 laculta-

281 831 356 886 tem.
375 823 466 895 Acta,
485 822 553 894 vll,
571 823 626 888 lol.
644 822 704 886 250
720 833 759 887 r⁰.

325 989 380 1051 Dt'e
400 991 530 1064 vetaris,
554 991 621 1070 aalj
642 987 771 1052 octobris
793 988 885 1064 llio,
904 989 982 1055 ltora
1005 988 1107 1053 media
1136 1004 1229 1062 atoue,
1248 987 1364 1052 indicta

280 1085 338 1150 luit
365 1087 571 1168 congregatio
602 1087 762 1152 facultatis
788 1087 1043 1153 extraordinaria
1073 1096 1104 1150 et
1128 1086 1306 1166 solempnis
1335 1086 1364 1148 in

283 1185 405 1250 scholis
432 1187 616 1251 artistarum
644 1186 703 1252 sub
730 1187 913 1268 iuramento
943 1203 1041 1266 super
1070 1184 1196 1250 duobus
1226 1185 1370 1248 articulis

281 1284 492 1364 sequentibus
511 1302 518 1347 :

324 1381 415 1445 Prior
440 1391 467 1445 et
493 1383 672 1466 principalia
698 1384 851 1448 articulus
878 1392 946 1448 erat
971 1385 1008 1446 ad
1036 1381 1230 1448 audiendum
1256 1382 1367 1446 relerri

280 1489 348 1544 acta
366 1482 570 1547 dominorum
587 1482 885 1547 commissariorum
909 1481 940 1544 in
958 1481 1066 1545 ultima
1084 1481 1267 1561 precedenti
1291 1497 1363 1544 con-

281 1579 467 1660 gregatioue
495 1598 550 1660 per
573 1580 755 1646 facultatem
783 1581 1031 1652 nominatorum,
1055 1580 1109 1661 qui
1133 1589 1268 1660 egerunt
1293 1595 1363 1642 cunt

283 1677 414 1742 domiuo
438 1687 470 1742 et
493 1679 645 1760 magistro
669 1679 839 1744 Guilielmo
863 1678 1024 1752 liverardi,
1047 1688 1177 1758 regente
1201 1677 1365 1758 pedagogi

284 1774 443 1852 Falconis,
460 1793 558 1858 super
580 1777 742 1859 emptione
767 1777 911 1858 ejusdem
939 1777 1106 1858 pedagogii
1136 1793 1193 1856 pro
1221 1776 1370 1840 lucullatc

284 1875 447 1950 lacienda;
475 1885 507 1940 et
529 1887 675 1957 preterea
702 1877 741 1940 ad
764 1877 1134 1954 audiendumsimlliter
1158 1875 1271 1940 relerri
1300 1881 1366 1937 acta

284 1972 445 2037 dictorum
468 1973 671 2039 dominorum
695 1991 768 2039 cum
785 1975 916 2038 domiuo
938 1983 969 2039 el
986 1975 1138 2055 magistro
1161 1973 1294 2038 Nicolao
1315 1973 1367 2036 lu-

286 2071 362 2152 pilio
385 2073 425 2137 de
444 2074 586 2155 regentia
611 2073 687 2138 dieti
705 2073 872 2156 pedagogii
896 2072 1114 2153 suscipienda,
1132 2083 1164 2138 et
1186 2074 1223 2136 ad
1249 2071 1367 2162 delibe-

287 2173 419 2233 randum
444 2171 595 2254 desuper.
620 2172 783 2236 Secundus
801 2191 810 2236 :
827 2173 1018 2246 communis,
1044 2189 1142 2254 super
1164 2169 1370 2253 supplicatio-

287 2267 382 2332 nibus
398 2279 429 2333 et
445 2268 581 2350 injuriis.

330 2368 441 2446 Quoad
454 2371 585 2450 priorem
597 2376 625 2433 et
637 2369 837 2452 principalem
848 2369 1023 2444 articulum,
1038 2369 1211 2436 declaravit
1222 2367 1374 2434 domiuus

288 2465 430 2532 decanus
446 2467 628 2549 diliger·rtias
645 2468 744 2533 lactas
764 2485 821 2548 per
836 2469 985 2534 dominos
1000 2468 1242 2533 commissarios
1259 2467 1292 2530 in
1307 2465 1372 2530 dio-

288 2565 330 2630 tis
361 2565 516 2646 negotiis,
544 2566 624 2647 ipsis
652 2567 682 2628 in
713 2567 822 2630 ultima
852 2567 1101 2648 congregatione
1127 2565 1312 2630 commissis
1340 2563 1369 2626 iu

291 2663 398 2738 linctu,
414 2672 447 2727 ut
458 2665 579 2730 dietum
597 2665 807 2747 pedagogium
821 2665 968 2730 Falconis
984 2667 1178 2746 prolrouore
1195 2675 1226 2729 et
1239 2665 1372 2730 utilitate

291 2762 449 2826 facultatis
471 2763 657 2828 conservari
674 2764 776 2844 possit
798 2774 830 2829 et
845 2764 1043 2839 subsistere;
1060 2776 1103 2836 et.
1121 2763 1194 2845 quia
1211 2773 1283 2843 post
1305 2778 1372 2826 orn·

290 2861 937 2943 nemconsultationemelinquisitiuuem
954 2860 1370 2940 uoniuveueruntaliquem

291 2959 387 3023 alium
405 2961 534 3024 modum
548 2961 662 3026 honori
677 2971 709 3026 et
725 2961 849 3025 utilitati
867 2961 1024 3026 facultatis
1036 2961 1240 3025 commodum
1257 2967 1289 3022 et
1300 2973 1375 3023 con*

291 3058 466 3122 uenientem
484 3060 603 3124 dictum
621 3061 830 3142 pedagogium
846 3060 1070 3136 conservandi,
1088 3060 1135 3123 sio
1148 3059 1236 3139 juxta
1256 3057 1372 3122 dietam

291 3158 552 3223 commissionem
569 3160 616 3224 eis
628 3160 732 3223 datam
749 3169 965 3224 tractaverunt
980 3160 1091 3240 sepius
1102 3157 1287 3239 cougregati
1302 3170 1372 3219 cum

290 3254 377 3319 diuto
401 3257 554 3338 magistro
570 3257 740 3323 Guilielmo
764 3259 803 3322 de
823 3259 918 3323 modo
940 3267 972 3322 et
986 3257 1225 3322 conditionibus
1250 3253 1374 3320 emendi

292 3369 351 3433 pro
367 3355 516 3421 l'acultale
532 3357 651 3420 dietum
669 3357 879 3438 pedagogiurn
895 3373 966 3420 curn
984 3356 1052 3420 suis
1068 3355 1257 3420 attinentiis.

334 3453 372 3516 Et
395 3455 542 3520 similiter
565 3465 780 3520 tractaverunt
803 3473 874 3520 curn
898 3455 984 3520 dicto
1007 3455 1159 3535 magistro
1186 3454 1314 3517 Nicolao
1336 3453 1378 3515 dc

295 3553 390 3616 modo
405 3563 437 3617 et
452 3553 691 3618 conditionibus
707 3553 904 3634 suscipiendi
919 3570 935 3616 a
949 3554 1099 3617 facultate
1112 3553 1285 3633 regentium
1300 3550 1373 3614 dicti

295 3652 462 3733 pedagogii
486 3669 545 3716 suo
569 3669 668 3716 onere
689 3661 720 3717 et
742 3653 843 3726 lucro,
862 3652 1030 3733 supposito
1050 3654 1134 3733 quod
1159 3651 1292 3716 l'acultas
1314 3647 1374 3714 sibi

292 3761 375 3814 emat
391 3752 496 3830 ipsum
514 3751 736 3832 pedagogium.

330 3849 374 3913 ¹Et
394 3851 466 3929 quia
488 3850 690 3914 conditiones
714 3859 868 3931 couoepte
892 3867 948 3930 por
962 3849 1112 3914 dominos
1134 3845 1378 3913 commissarios

294 3965 366 4012 cum
383 3951 477 4014 dictis
494 3949 657 4030 magistris
672 3949 843 4014 Guilielmo
859 3959 890 4013 el
905 3949 1036 4014 Nicolao
1059 3949 1090 4012 in
1106 3948 1235 4028 scriptis
1252 3948 1375 4010 redacte

294 4055 397 4122 erant,
421 4049 470 4112 sic
492 4048 642 4112 domiuus
664 4049 805 4113 decanus
827 4049 958 4113 easdem
980 4065 1089 4113 coram
1116 4048 1208 4128 plena
1231 4044 1378 4109 lacultatc

296 4147 359 4210 alta
383 4159 415 4210 ot
431 4145 622 4229 intelligibili
645 4163 724 4212 voce
740 4149 780 4212 dc
795 4148 893 4212 uerbo
916 4148 1102 4212 adverbum
1120 4145 1266 4228 prelegit‚
1285 4151 1379 4225 prout
