3284 4956
653 488 834 553 -tbt-

188 667 343 746 legiorurn
365 667 624 731 academicorum
647 667 845 741 obtinuerat,
868 667 924 732 sed
950 668 991 730 ad
1015 667 1225 733 residentiam
1249 685 1287 734 se

190 783 252 830 non
264 767 418 830 contulit.
430 766 618 844 Regcntiam
633 767 724 832 Porci
740 767 884 832 exercuit
902 769 1058 848 usquead
1076 785 1283 848 suppressam

190 865 452 930 llnirersitatem.
469 864 554 928 Obiit
570 865 714 940 lovanii,
732 867 764 929 in
782 867 936 946 parochia
951 875 1084 932 sanctae
1104 867 1285 940 Gertrudis,

190 964 455 1040 110101111813,
470 965 584 1030 aetatis
600 981 678 1030 suae
693 983 778 1030 anno
794 966 862 1027 7⁶2⁰.

345 1145 661 1226 3.-8001-1110111
683 1147 720 1210 dc
740 1147 771 1210 lo
788 1146 956 1228 pedopopie
978 1147 1019 1209 du
1042 1149 1133 1210 Poro.

232 1307 262 1372 l.
282 1311 378 1372 Sinos
394 1309 546 1383 Peraean,
566 1327 604 1374 cx
628 1309 784 1374 Bevecom
804 1309 1284 1390 (8000011101),0001οο11100-

191 1407 297 1488 logiae
324 1409 566 1481 baccalaureus,
590 1417 658 1472 erat
679 1408 860 1489 subtegens
882 1409 972 1474 Porci
998 1426 1108 1473 mense
1125 1409 1282 1473 l'ebruario

192 1505 284 1580 1536,
294 1507 425 1587 quando
438 1507 517 1570 obiit
528 1525 644 1586 regens
659 1508 834 1571 Matthaeus
848 1507 1038 1571 Theudorici
1052 1509 1091 1571 de
1109 1507 1269 1572 Dordraco

194 1603 436 1685 Philosophiam
453 1605 563 1669 docuit
578 1606 608 1667 in
623 1605 819 1686 paedagogio
838 1606 1004 1670 Porccosi.
1022 1606 1099 1670 Vide
1116 1606 1199 1669 inter
1215 1621 1286 1685 pro·

195 1703 339 1768 lessorcs
356 1704 544 1784 paedagogii
566 1704 751 1768 porcensis.

237 1835 268 1898 2.
284 1835 416 1899 locanes
440 1835 542 1898 Rucus
563 1845 632 1900 erat
653 1835 831 1916 subregens
856 1835 947 1899 Porci
969 1836 1008 1898 10
1032 1835 1176 1900 octobris
1192 1835 1285 1907 1559,

196 1935 328 2013 quando
358 1935 391 1996 in
423 1935 571 1998 facultate
600 1934 715 1998 artium
745 1934 953 2014 supplicavit,
990 1935 1118 1998 nomine
1148 1933 1289 2014 regentis

200 2031 328 2096 llenrici
346 2031 481 2111 Ver-cept
500 2033 567 2097 sive
590 2032 755 2114 Verepaci,
781 2049 838 2111 pro
860 2031 1102 2097 continuatione
1127 2031 1289 2113 regentiae

199 2129 303 2196 Porci.
324 2131 393 2194 Fuit
414 2132 509 2194 ctiam
533 2133 698 2211 professor
721 2131 954 2212 philosophiae.
979 2132 1057 2196 Vide
1074 2132 1156 2196 inter
1173 2131 1289 2212 paeda-

197 2231 283 2309 gogii
301 2230 475 2294 Porcensis
496 2231 714 2310 professores

240 2363 420 2424 3.]010111
444 2379 482 2424 os
504 2363 602 2425 Lorca
624 2363 734 2436 Cnucc,
755 2365 852 2444 vulgo
878 2365 1084 2444 teutpert-aps,
1114 2363 1290 2429 Hilvaribe-

201 2477 313 2534 canus,
337 2471 509 2541 antequam
532 2477 616 2523 anno
644 2461 720 2524 1566
743 2463 996 2527 constitueretur
1019 2479 1148 2542 praeses
1164 2463 1291 2543 collegii

205 2559 434 2634 winckeliani,
462 2569 531 2624 orat
560 2561 738 2642 subrepens
771 2561 874 2626 Porci.
907 2561 985 2626 Vide
1015 2563 1099 2626 inter
1128 2562 1294 2642 praesides

204 2658 332 2740 collegii
348 2658 576 2723 wincheliani.

248 2791 277 2854 1.
303 2791 479 2853 Batrnasnn
510 2791 589 2853 Borr
614 2801 682 2854 erat
708 2791 887 2872 subregens
913 2791 1009 2872 hujus
1036 2791 1234 2873 paedagogii,
1265 2801 1296 2854 ut

210 2897 291 2972 patet
307 2907 347 2952 ex
362 2888 502 2952 diversis
518 2889 597 2952 actis
615 2887 751 2969 publicis
774 2907 781 2951 :
807 2891 824 2951 'l
848 2890 1041 2969 septembris
1064 2889 1143 2951 1567
1160 2897 1191 2953 01
1211 2890 1227 2949 7
1243 2905 1297 2952 no·

210 2987 350 3052 vemhris
367 2985 447 3049 1561
471 2989 589 3064 (coram
606 2988 731 3050 notario
745 2987 891 3062 Wamelt.
909 2987 983 3051 Erat
999 2989 1103 3051 adhuc
1119 2987 1298 3066 subrepens

209 3087 248 3150 30
260 3086 401 3167 januarii
420 3085 519 3158 tt’nm
543 3085 628 3148 0113
645 3085 840 3165 septembris
855 3085 1000 3166 ejusdem
1016 3085 1090 3148 atini
1108 3085 1187 3148 1510
1204 3085 1299 3148 modo

210 3184 451 3262 subrepentium
472 3183 649 3247 dimiserat.
674 3183 794 3248 Eodem
818 3193 963 3263 tempore
985 3184 1119 3247 docebat
1136 3183 1167 3245 in
1185 3181 1298 3262 paeda·

210 3283 304 3365 gagio
320 3281 428 3347 Porci.

251 3417 282 3478 tt.
297 3415 450 3477 Nicotaus
465 3411 629 3486 1101111011,
655 3427 785 3478 munere
807 3413 1012 3494 subregcntis
1035 3413 1182 3494 fungens,
1207 3411 1301 3476 simul

211 3525 280 3579 crat
296 3511 477 3592 professor.

138 3713 143 3722 ,
253 3644 283 3706 6.
301 3643 424 3708 Gnsaaa
440 3641 648 3717 thcnautus,
671 3651 704 3705 ut
727 3651 812 3722 patet
834 3659 873 3707 ex
891 3643 971 3708 actis
989 3641 1121 3717 urbicis,
1144 3651 1213 3707 erat
1228 3643 1303 3707 sub·

215 3759 331 3822 regens
348 3739 443 3805 Porci
460 3739 479 3802 9
494 3741 639 3804 octobris
656 3741 747 3803 loch.

255 3875 286 3935 l.
302 3873 455 3936 Ntootaus
471 3871 679 3945 Verrucosus,
697 3890 735 3936 ex
752 3873 943 3938 Rubelmont
959 3875 1091 3940 ditionis
1112 3875 1305 3940 luxembur-

216 3971 324 4054 gensis
338 3970 502 4052 Belgicae,
518 3971 741 4051 philosophiae
753 3989 883 4035 cursum
900 3973 1037 4038 absolvit
1050 3974 1080 4036 io
1096 3973 1310 4038 Universitatc

219 4069 424 4141 (boloniensh
442 4086 460 4133 e
476 4086 536 4148 oua
554 4085 570 4130 a
592 4069 715 4132 Joaune
732 4067 870 4150 Baptista
888 4070 1042 4152 Graroaye
1057 4079 1210 4135 evocatus
1225 4087 1308 4134 anno

222 4167 311 4242 1608,
331 4167 544 4234 constituitur
567 4171 733 4248 prolessor
755 4169 932 4233 rhetorices
955 4170 986 4234 in
1014 4169 1075 4234 hoc
1100 4167 1311 4251 paedagogim

301 4287 344 4330 tv.
1212 4269 1231 4333 8
