3252 4954
732 473 876 534 -p..

255 650 418 732 superiori
439 651 588 733 cuiquam
611 669 650 717 ex
672 654 816 718 inferiori
840 655 983 727 insultet,
1001 670 1105 734 neque
1127 661 1217 728 nutu,
1235 657 1342 734 gestu,

255 760 312 814 aut
336 750 435 815 verbo
464 750 644 815 molestiam
670 751 797 817 inierat.
826 753 872 816 lle
894 752 1086 816 factionibus
1113 753 1267 832 suspecti,
1291 762 1347 818 aut

253 849 444 914 dominandi
459 849 579 930 cupidi,
597 851 681 914 siout
696 862 728 916 et
744 851 875 916 recidivi
895 852 980 916 nulla
1004 851 1238 916 emendationis
1253 851 1345 933 signa

260 949 449 1029 praebentes,
468 951 657 1028 tempestive
672 949 885 1014 dimittantur.

300 1047 379 1110 Vlll.
403 1046 523 1111 Omnes
545 1046 727 1112 abstineant
749 1048 788 1111 ab
805 1065 843 1112 oo
858 1049 944 1122 lusu,
963 1065 1027 1129 qun
1050 1058 1171 1122 vestes,
1190 1049 1344 1124 mantilia,

260 1155 315 1210 aut
336 1147 397 1208 alia
420 1144 605 1224 huiusmodi
628 1148 790 1226 corrumpi
815 1158 969 1226 possunt;
986 1147 1062 1212 item
1086 1147 1125 1210 ab
1149 1148 1209 1223 eis,
1230 1148 1347 1228 quibus

260 1245 438 1325 perieulum
454 1245 567 1308 subest
583 1262 619 1309 se
634 1247 682 1310 vel
699 1247 835 1310 alterum
852 1247 1000 1318 laedendi‚
1019 1247 1121 1310 aliave
1142 1246 1346 1311 incommode

260 1344 417 1409 inserendi
435 1367 442 1406 :
461 1344 605 1424 adeoque
628 1345 841 1424 approbetis,
858 1361 895 1408 ac
918 1345 1087 1408 missilium
1112 1345 1248 1424 telorum
1272 1361 1347 1424 pro-

252 1444 360 1522 jeclu;
378 1443 453 1508 item
469 1442 509 1506 ab
521 1443 607 1506 omni
624 1442 696 1508 lusu
713 1443 854 1516 scurrili,
869 1453 901 1508 et
916 1445 969 1524 qui
983 1443 1181 1523 juventutem
1198 1443 1344 1518 dedecet,

260 1541 371 1622 quales
386 1551 461 1605 sunt
477 1540 569 1605 lusus
585 1541 780 1613 chartarum,
798 1542 939 1606 alearum
955 1552 987 1607 et
1002 1541 1138 1606 similes.
1156 1542 1188 1604 Si
1204 1542 1346 1606 ludendo

259 1641 426 1722 quisquam
444 1650 545 1706 certet
560 1642 600 1705 de
617 1641 763 1720 pecunia,
780 1658 894 1707 senene
910 1641 1070 1722 puniatur.

301 1741 355 1804 lll.
379 1741 453 1805 Sine
483 1757 572 1804 mora
602 1740 707 1806 omnis
737 1740 829 1805 lusus
861 1741 1081 1822 abrumpatur,
1112 1740 1218 1804 statim
1249 1751 1344 1820 atque

259 1856 412 1921 campana
442 1839 570 1920 collegii
600 1840 639 1903 ad
667 1839 821 1912 sobolem,
848 1840 899 1904 vel
928 1839 1070 1904 studium
1100 1839 1240 1904 eundum
1271 1855 1344 1904 esse

259 1940 430 2011 monuerit,
452 1940 545 2020 eique
568 1955 692 2004 summa
715 1939 871 2004 modestia
895 1939 1008 2003 intenti
1031 1939 1107 2012 sint,
1131 1939 1236 2003 donec
1258 1938 1344 2002 illius

260 2038 354 2102 linem
371 2039 508 2104 faciendi
525 2055 582 2118 per
595 2039 730 2104 alterum
747 2056 910 2120 campanae
928 2039 1053 2121 pulsnm
1071 2037 1126 2103 liat
1140 2037 1280 2104 licentia.

302 2139 340 2200 x.
364 2138 465 2202 Nemo
494 2137 558 2202 ullo
581 2147 736 2219 ternpore,
756 2139 828 2203 sine
852 2139 1006 2219 peculiari
1032 2138 1135 2214 venia,
1154 2153 1345 2218 quemquam

255 2238 298 2301 ad
312 2254 405 2302 suum
417 2237 600 2302 cubiculum
615 2237 773 2314 admittat,
786 2247 841 2303 aut
856 2239 888 2301 in
905 2237 1047 2302 tenebris
1059 2247 1148 2304 extra
1161 2236 1345 2302 cubiculum

258 2339 328 2403 sine
344 2339 476 2403 lucerna
492 2337 624 2402 ardente
638 2337 830 2403 inveniatur.

299 2437 455 2517 Tempore
484 2445 588 2500 autem
619 2437 729 2513 studii,
758 2447 789 2502 ut
820 2446 852 2502 et
881 2443 954 2518 post
984 2451 1097 2516 proces
1129 2433 1341 2515 vespertinas,

257 2553 352 2600 nemo
368 2535 513 2599 murmur
527 2534 679 2608 excitare,
697 2536 909 2608 confabulari,
928 2549 1043 2615 aquam
1059 2549 1217 2613 quaerere,
1235 2532 1343 2597 lumen

249 2635 346 2698 alteri
370 2634 497 2698 tradere
520 2633 567 2697 vel
592 2634 631 2697 ab
654 2643 831 2713 adpetere,
848 2643 902 2698 aut
925 2650 982 2712 per
1000 2633 1173 2696 lerrestram
1197 2640 1345 2710 spectare

255 2734 382 2798 audeat.

295 2831 350 2894 ill.
374 2832 475 2896 Nemo
497 2831 614 2896 vendat
636 2839 691 2896 aut
713 2839 871 2910 permutet
892 2831 1006 2904 libros,
1024 2837 1143 2901 vestes,
1162 2827 1272 2900 lintea,
1290 2835 1344 2891 aut

255 2931 451 2994 bissimilia.

295 3029 365 3092 llll.
389 3031 489 3096 Nemo
509 3030 547 3094 ad
564 3030 713 3104 alterum,
731 3045 825 3092 nemo
847 3030 886 3092 ad
903 3029 1073 3099 fenestras,
1092 3026 1124 3089 in
1147 3034 1230 3090 tecta
1245 3023 1341 3105 Gym-

255 3129 336 3191 nasii
369 3141 423 3193 aut
458 3130 562 3194 vicina
599 3129 772 3210 quidquam
800 3127 915 3208 jaciam
947 3126 1134 3206 parietibus,
1165 3125 1339 3200 cathedre,

254 3227 395 3291 scamnis
408 3238 462 3292 aul
476 3229 550 3292 alibi
564 3229 736 3309 quidquam
754 3229 914 3307 insculpat
926 3235 980 3292 aut
995 3225 1166 3298 inscribam
1184 3239 1339 3297 mensam,

253 3325 328 3390 lecti
352 3327 520 3406 spondam,
539 3337 718 3408 autpertus
743 3328 878 3407 lrangat,
896 3326 1036 3406 periuret
1059 3334 1112 3388 aut
1133 3322 1271 3394 incidat;
1292 3321 1342 3385 vel

251 3424 335 3488 aliud
353 3425 514 3506 quidpiam
532 3427 638 3500 iaciat,
658 3425 741 3490 unde
756 3426 847 3489 alteri
872 3434 1099 3489 nocumentum
1115 3421 1192 3486 oriri
1210 3420 1338 3500 possit:

251 3522 305 3602 qui
322 3523 468 3598 iecerint,
483 3524 563 3588 ultra
580 3524 876 3604 compensationem
888 3523 1008 3596 damni,
1022 3538 1137 3588 severe
1152 3520 1336 3600 puniantur,

291 3621 376 3684 Xlll.
401 3623 502 3687 Nemo
520 3623 581 3688 sub
597 3639 691 3703 poena
713 3625 813 3704 gravi,
833 3623 957 3687 scilicet
979 3622 1017 3685 ad
1037 3621 1141 3684 minus
1164 3635 1258 3700 poena
1275 3619 1335 3682 lre-

250 3722 467 3801 quenlationis
494 3739 557 3786 uno
583 3723 635 3786 die
662 3722 764 3786 veniae
788 3722 837 3799 (l),
861 3722 899 3784 ad
925 3731 1047 3802 portum
1070 3717 1244 3800 Gymrruslt
1269 3717 1337 3780 siue

249 3820 344 3892 intra,
361 3821 429 3885 sive
452 3829 553 3895 extra,
570 3820 728 3885 consistat
745 3838 752 3883 :
771 3821 827 3885 sed
851 3821 879 3884 is
894 3821 986 3884 locus
1010 3819 1209 3899 relinquatur·
1233 3825 1333 3880 extra·

248 3919 319 3983 nais
349 3920 549 4000 negotiorum
580 3935 676 3984 causa
705 3920 968 3994 adventantibus;
1001 3935 1084 3999 quos
1114 3917 1189 3981 dum
1219 3913 1337 3995 aliquis

248 4017 432 4098 alloquitur,
450 4018 557 4082 nullus
573 4018 611 4081 ad
628 4017 823 4084 audiendum
840 4017 914 4099 quid
931 4017 1057 4080 dicatur·
1072 4014 1241 4079 consistat.

284 4231 322 4301 (l)
344 4233 383 4287 Lo
405 4239 585 4300 frequentatio
607 4233 815 4304 correspondait
843 4240 859 4286 a
885 4233 912 4286 la
935 4239 1055 4293 relenua,
1082 4230 1148 4282 tella
1174 4223 1277 4299 qu'olle
1304 4239 1337 4280 sc

248 4323 375 4395 pratique
388 4324 421 4378 de
436 4341 485 4379 nos
495 4326 586 4394 jours.
