3202 4948
671 517 858 581 -ana-

218 695 393 761 conventui
407 697 541 761 fratrum
553 696 847 773 Dominicanorum‚
856 705 1005 761 extruere
1016 700 1207 774 coeperunt;
1221 689 1306 771 quod

220 811 284 859 non
307 802 429 860 tantum
454 795 684 876 magnitudine,
709 797 765 862 sed
790 795 899 862 etlooi
917 793 1110 860 amoenitate
1134 790 1306 872 plurimum

217 895 475 970 commendatur,
500 893 658 976 siquidem
682 896 762 959 Dilia
779 895 897 960 durius
920 891 1152 958 monasterium
1168 889 1306 962 alluens,

217 995 295 1075 quin
323 1003 355 1059 et
380 994 464 1058 idom
492 994 531 1058 ab
561 995 656 1059 horto
682 1011 810 1072 secans,
837 1006 904 1059 tum
932 994 1099 1056 hortorum
1127 990 1306 1055 vicinorum

219 1100 411 1173 prospectus
428 1093 540 1156 miram
556 1102 757 1159 venustatem
774 1111 812 1158 ac
827 1093 978 1158 decorem
993 1090 1176 1155 conterunt.

262 1191 357 1255 Primi
374 1192 405 1254 iri
422 1191 550 1258 Fratres
567 1193 710 1258 Minores
725 1192 956 1258 conventuales
972 1199 1082 1262 erant;
1096 1187 1149 1270 qui
1163 1185 1308 1252 redditus

219 1305 257 1355 ac
283 1290 365 1355 bona
389 1291 578 1372 temporalia
605 1292 827 1358 admittebant.
852 1291 910 1367 Qui
937 1291 1025 1354 huno
1046 1295 1240 1354 conventum
1268 1283 1306 1348 ad

214 1405 335 1454 annum
353 1407 455 1471 usque
476 1391 553 1454 tlte
570 1391 786 1457 incoluerunt.
1380 1467 1382 1472 ,

257 1489 529 1556 conventualibus
570 1507 763 1558 successere
807 1489 984 1563 reformati,
1026 1487 1123 1567 vulgo
1163 1482 1307 1552 Caletani

215 1589 402 1669 nuncupati,
427 1587 481 1670 qui
505 1589 661 1670 pristinae
684 1591 889 1671 evangelicae
912 1587 1110 1670 paupertatis
1132 1585 1307 1650 observan-

216 1686 295 1752 tiam
310 1688 468 1754 reducere
484 1698 674 1770 coeperunt.
691 1690 737 1753 Ex
759 1689 824 1754 iliis
841 1688 1017 1753 Minoribus
1039 1683 1307 1752 conventualibus

219 1793 253 1850 et
267 1786 449 1852 reformatis
465 1804 580 1853 novem
608 1787 658 1854 vel
675 1787 787 1854 decem
810 1787 987 1868 magisterii
1002 1786 1136 1867 gradum
1159 1784 1191 1847 in
1207 1781 1308 1848 lacul-

221 1892 285 1950 tate
300 1885 480 1968 theologica
496 1886 678 1962 obtinuere,
701 1903 837 1968 quorum
855 1893 1038 1967 postremus
1054 1884 1113 1948 luit
1126 1899 1212 1948 anno
1229 1880 1306 1946 ltot

218 1982 363 2048 loannes
379 1985 499 2051 (lodda.

262 2083 401 2149 'landem
437 2101 522 2149 anno
553 2084 645 2162 lato,
678 2084 782 2166 pridie
807 2083 1017 2148 Exaltationis
1039 2089 1170 2146 sanctae
1198 2077 1310 2144 crucis

217 2182 270 2251 ll3
282 2184 610 2264 septembristpatres
622 2184 837 2249 Observanles
849 2183 888 2248 ad
902 2181 1134 2248 monasterium
1147 2180 1210 2244 boo
1221 2179 1310 2243 inco·

220 2281 351 2346 lendum
368 2284 471 2348 vocati
489 2293 582 2355 sunt;
610 2300 747 2365 cumque
762 2283 807 2361 lri,
825 2301 884 2364 pro
907 2282 1030 2347 viribus
1053 2281 1155 2346 sancti
1179 2279 1310 2342 institu-

221 2381 302 2446 toris
319 2382 368 2447 sui
385 2393 605 2463 paupertatem
621 2384 775 2459 zelantes,
792 2393 928 2448 cunctos
951 2381 1139 2448 monasterii
1163 2379 1309 2445 redditus

220 2495 259 2545 ac
271 2490 448 2560 proventus
460 2481 658 2555 abdicarent,
672 2483 796 2564 amplae
808 2482 1066 2547 conventualium
1080 2480 1309 2560 possessiones

217 2580 335 2660 'partim
359 2581 517 2645 ecclesiae
539 2581 728 2661 collegiatae
748 2580 811 2644 divi
827 2580 924 2653 Petri,
944 2583 1057 2660 partim
1083 2577 1195 2658 majori
1220 2576 1308 2642 urbis

219 2679 430 2744 lovaniensis
447 2680 609 2759 hospitali,
625 2681 816 2745 anctoritate
831 2680 1009 2761 apostolica
1026 2679 1205 2760 applicatae
1220 2683 1307 2750 sunt,

220 2787 256 2841 ut
281 2787 412 2858 apparet
440 2797 479 2842 ex
505 2778 590 2842 bulla
617 2779 789 2844 Alexandri
806 2779 857 2855 vl,
876 2779 1048 2860 pontificis,
1066 2778 1206 2857 desuper
1221 2776 1307 2850 data,

218 2892 302 2958 quae
329 2877 360 2938 in
377 2877 510 2942 archivo
533 2878 677 2958 ejusdem
695 2878 881 2942 monasterii
905 2878 979 2943 dein
995 2885 1158 2942 asservata
1181 2876 1239 2938 lnit
1254 2875 1307 2952 (l).

220 2974 368 3056 Diotique
398 2976 513 3040 iratres
544 2975 760 3042 Observantes
790 2977 821 3040 in
853 2977 916 3042 boc
945 2977 1141 3042 monasterio
1174 2975 1307 3056 pacifice

214 3073 334 3138 ‘morati
359 3083 433 3138 sunt
455 3073 493 3138 ad
522 3089 640 3140 annum
665 3093 768 3157 usque
787 3076 877 3150 ’1ἳ96,
895 3077 969 3140 dum
995 3075 1158 3140 aratione
1179 3075 1304 3156 gallica,

217 3189 302 3253 quae
331 3189 416 3237 anno
446 3174 527 3238 ital
557 3173 700 3256 Belgium
730 3176 903 3248 invaserat,
935 3175 1128 3238 monasteria
1159 3174 1307 3238 universa

216 3270 420 3347 destruente,
437 3272 482 3336 illi
501 3275 563 3338 lroc
580 3290 675 3338 suum
693 3275 813 3354 pariter
828 3274 980 3340 deserere
995 3273 1102 3338 conati
1118 3273 1259 3337 luerunt.

261 3469 319 3535 llic
342 3470 453 3535 schola
478 3488 539 3534 una
563 3471 743 3552 theologica
767 3481 847 3546 erat,
869 3481 901 3536 et
923 3472 954 3534 in
977 3488 1014 3536 ea
1037 3471 1149 3535 diebus
1172 3468 1309 3550 singulis

219 3570 455 3648 praelectiones
471 3571 564 3644 duae,
583 3570 700 3651 quibus
729 3571 829 3645 scoti,
847 3570 990 3636 doctoris
1006 3570 1143 3644 subtilis,
1161 3568 1307 3634 doctrina

217 3668 404 3733 tradebatur
418 3679 450 3732 et
468 3668 699 3749 explicabatur.
717 3669 958 3749 Disputationes
981 3669 1186 3750 quotidianae
1201 3675 1304 3743 erant,

217 3767 347 3846 quibus,
365 3784 448 3848 quae
464 3769 621 3848 praelecta
638 3777 670 3833 et
686 3768 792 3833 andita
808 3780 911 3844 erant,
925 3778 1074 3834 accurate
1086 3767 1305 3832 discutieban-

218 3873 324 3941 tur,et
339 3867 435 3930 veluti
452 3868 559 3932 denuo
575 3868 828 3948 explicabantur.
842 3868 1081 3933 conveniebant
1093 3885 1219 3948 quoque
1235 3883 1306 3931 sae-

220 3963 353 4044 pissime
376 3965 519 4045 religiosi
543 3976 585 4040 ει,
610 3967 768 4048 dirigente
795 3967 917 4032 lectore
940 3983 1002 4031 uno
1025 3983 1081 4031 seu
1109 3966 1306 4048 professore,

256 4162 295 4233 (l)
315 4163 367 4217 Les
390 4163 486 4217 Freres
510 4163 636 4219 Mineurs
657 4165 691 4218 de
715 4165 898 4220 l'observenoc
923 4165 1066 4220 deviarent
1091 4167 1155 4236 plus
1180 4165 1241 4219 tard
1267 4166 1307 4219 les

220 4254 364 4312 Re'collcts.
377 4255 475 4326 Vocon,
491 4272 525 4308 au
549 4258 621 4326 quat
644 4257 679 4310 de
700 4255 825 4326 l'orign'nc
846 4257 894 4310 des
917 4257 1065 4324 Recollets‚
1080 4257 1307 4323 Analeetespour

217 4352 313 4401 servir
325 4354 344 4401 d
358 4348 493 4401 l’ba'stoire
505 4350 710 4415 ecclesiastieae
722 4353 755 4401 de
768 4353 796 4402 la
809 4349 950 4416 Belgique,
967 4348 1017 4416 tlt,
1032 4366 1078 4419 pp.
1097 4347 1224 4403 lactabo.
