3130 4956
719 427 903 490 -tal-

273 603 381 674 minis,
398 604 425 667 si
447 604 531 670 idem
547 612 622 669 tunc
637 605 793 684 videatur,
810 622 849 668 an
865 604 1054 686 supplicatio
1076 604 1197 670 domiui
1211 605 1347 676 armeu-

273 701 386 768 teriani
412 703 622 784 supplicantis
652 703 773 769 admitti
798 705 836 770 ad
859 704 1028 786 legendam
1054 712 1085 768 et
1115 703 1290 784 regentiam
1317 704 1348 771 in

273 801 448 882 pedagogio
474 801 543 864 lilii
569 803 611 866 sit
637 803 843 868 admittenda.
872 802 910 866 Et
939 802 980 866 ita
1006 801 1166 868 conclusit
1193 802 1347 871 decanus.

272 901 362 974 alcun,
380 899 444 975 Vll,
463 899 517 964 fol.
535 901 594 964 111
611 901 721 966 11-418
737 911 776 966 r⁰.
831 953 834 962 .

317 1097 372 1159 liic
396 1099 513 1171 mortis,
541 1100 658 1162 decima
680 1101 793 1162 mensis
818 1099 946 1162 octobris
969 1097 1061 1173 1553,
1084 1099 1163 1164 hora
1183 1104 1295 1162 octaua
1310 1097 1350 1164 de

274 1213 376 1270 mane,
401 1198 518 1263 indicta
543 1200 600 1264 fuit
621 1199 825 1282 congregatio
848 1199 1017 1272 facultatis,
1036 1200 1067 1261 in
1082 1197 1203 1264 scholis
1218 1197 1345 1262 artium.

239 1373 243 1383 ⁵
316 1395 434 1460 Deinde
460 1395 491 1458 iu
518 1397 628 1462 cadom
650 1397 895 1478 congregatione
917 1412 1024 1460 coram
1047 1396 1185 1478 Coggen,
1209 1394 1347 1468 notario,

274 1493 407 1556 facultas
434 1504 465 1558 et
491 1493 639 1558 dominus
664 1495 924 1560 armenterianus
950 1511 1022 1560 sese
1049 1494 1268 1558 submiserunt
1292 1495 1350 1562 toti

273 1591 409 1671 collegio
425 1592 591 1656 doctorum
604 1593 685 1672 iuris
702 1593 902 1666 Lovauiensi‚
921 1602 953 1658 ut
969 1601 1054 1673 patet
1068 1611 1107 1658 en
1122 1593 1347 1656 instrumento.

273 1689 364 1761 Aean,
381 1689 447 1762 Vll,
465 1689 519 1754 fol.
536 1690 596 1754 118
611 1700 655 1754 u⁰.

316 1886 469 1964 fiicjouis
485 1887 708 1966 avij-januarii
726 1885 817 1958 1555,
838 1886 915 1950 hora
932 1885 1055 1950 decima
1071 1891 1143 1948 aute
1166 1885 1348 1965 prandium,

274 1982 306 2048 in
328 1982 425 2046 rubea
448 1999 573 2048 camera
594 1984 709 2050 domus
732 1983 902 2058 facultatis,
922 1983 1042 2048 indicta
1066 1983 1123 2050 fuit
1146 1984 1352 2064 congregatio

274 2079 432 2144 facultatis
459 2098 556 2160 super
583 2082 791 2162 sequentibus
821 2081 965 2146 articulis
993 2104 1000 2144 :
1029 2082 1075 2144 ll·
1095 2082 1134 2145 ad
1162 2082 1352 2148 audiendam

274 2178 523 2260 resignationem
538 2182 682 2263 magistri
697 2181 829 2246 ioannis
845 2182 885 2246 de
897 2181 1018 2255 licaeo,
1030 2181 1171 2262 regentis
1187 2179 1354 2262 pedagogii

277 2277 364 2350 pitin
381 2278 427 2342 2¹¹¹
437 2279 476 2342 ad
498 2280 689 2344 audiendam
706 2280 971 2360 supplicationem
989 2279 1131 2360 magistri
1147 2279 1299 2344 Anthouii
1313 2279 1354 2345 de

273 2375 409 2448 Ninivis,
427 2377 592 2458 utriusque
611 2379 693 2459 juris
716 2379 880 2454 licentiati,
898 2396 956 2458 pro
977 2379 1089 2444 eadem
1112 2379 1254 2460 regentia
1270 2377 1351 2442 lilii.

315 2474 473 2548 Quantum
485 2477 523 2539 ad
538 2477 874 2556 primum,comparuit
886 2476 918 2539 iu
931 2475 1011 2540 facio
1027 2476 1185 2542 facultatis
1201 2476 1355 2556 magister

271 2572 412 2637 loannes
428 2573 619 2639 Plansouius
636 2575 675 2640 de
691 2577 810 2650 liuaoo,
827 2574 880 2655 qui
901 2573 1073 2654 resignavit
1094 2574 1267 2655 negantiam
1282 2573 1355 2638 Lilii

274 2672 306 2738 in
329 2673 475 2738 manibus
498 2674 713 2748 dominorum,
731 2683 762 2739 et
777 2674 840 2755 egit
863 2672 1005 2739 facultati
1020 2672 1151 2754 gratias.
1168 2673 1206 2737 llt
1221 2673 1354 2740 facultas

275 2769 457 2850 hujusmodi
474 2772 724 2852 resignationem
738 2771 923 2851 acceptavit.

279 2889 280 2892 ¹
316 2871 471 2942 Quantum
490 2871 528 2933 ad
545 2870 734 2946 secuudum,
753 2869 900 2934 similiter
915 2870 1093 2951 comparuit
1111 2869 1143 2932 in
1160 2869 1240 2934 facie
1254 2869 1355 2938 lacul-

274 2967 349 3034 latis
375 2967 526 3046 magister
551 2968 730 3033 Anthonius
760 2969 800 3032 de
825 2967 947 3032 Ninivis
974 2966 1184 3048 prescriptos,
1212 2967 1267 3048 qui
1296 2983 1355 3047 pro

274 3064 455 3144 hujusmodi
482 3067 624 3146 regentia
651 3066 721 3130 lilii
747 3067 950 3146 supplicavit.
978 3067 1015 3129 Et
1037 3066 1182 3140 facultas
1201 3072 1355 3146 quantum

273 3164 312 3230 ad
329 3181 488 3244 presens:
513 3165 653 3244 Magistri
677 3165 828 3230 Authoaii
852 3181 989 3244 persona
1013 3164 1235 3243 beneplacuit
1258 3164 1357 3231 facul·

275 3262 347 3334 tati;
369 3263 425 3326 sed
451 3263 583 3328 facultas
606 3280 669 3328 uon
690 3263 828 3338 admisit,
854 3264 958 3328 donec
981 3271 1013 3330 et
1034 3279 1202 3344 quousque
1224 3273 1356 3328 contro

274 3362 378 3425 versia
403 3363 485 3426 inter
507 3363 780 3428 armenterianum
803 3371 835 3427 et
853 3363 1032 3428 facultatem
1055 3362 1098 3426 sit
1119 3363 1236 3444 sopita.
1253 3362 1291 3424 llt
1306 3362 1356 3428 sio

275 3477 332 3539 per
347 3461 452 3524 omnia
468 3461 627 3525 conclusit
642 3461 794 3526 decanos.
812 3463 905 3536 Acca,
917 3462 1001 3536 Vlll,
1019 3461 1074 3524 fol.
1090 3461 1108 3524 9
1123 3469 1166 3524 v⁰.

315 3659 515 3730 alevenoce,
531 3659 745 3738 mifjemcmts
759 3661 902 3737 januarii
918 3659 1008 3732 1555,
1034 3657 1150 3720 indicta
1174 3657 1231 3720 fuit
1253 3657 1355 3738 depu-

275 3757 351 3820 tatio
377 3757 415 3819 ad
443 3759 554 3820 horam
576 3759 731 3821 decimam
755 3757 794 3822 de
817 3774 921 3822 mane.
947 3758 1058 3822 Coram
1074 3756 1191 3836 quibus
1207 3757 1356 3834 exposuit

275 3855 423 3919 dominus
444 3856 585 3919 decanus
607 3857 646 3920 de
671 3857 797 3936 negotio
816 3855 1049 3920 armentariam
1066 3856 1106 3919 de
1121 3853 1264 3935 regentia
1283 3854 1356 3920 tilii

274 3961 305 4016 et
320 3953 360 4018 de
383 3953 477 4017 donno
499 3953 653 4033 ejusdem.
676 3953 714 4018 Et
737 3955 820 4018 inter
840 3953 900 4018 alia
922 3955 1069 4018 dominus
1094 3953 1206 4018 doctor
1221 3953 1356 4018 Arman-

274 4051 416 4114 terianus
433 4053 541 4130 petivit
557 4069 574 4115 a
589 4053 739 4126 dominis,
750 4065 783 4118 ut
798 4054 911 4118 darent
922 4052 951 4116 ei
965 4051 1148 4132 petitionem
1162 4050 1193 4114 in
1207 4051 1354 4131 scriptis.

274 4148 333 4222 Qui
350 4151 476 4230 quidem
499 4152 618 4215 domini
641 4151 797 4218 dederunt
820 4153 848 4216 ei
865 4153 896 4216 in
913 4151 1053 4232 scriptis,
1072 4158 1167 4231 prout
1181 4151 1355 4231 sequitur:
